
<!DOCTYPE html><html lang="tr"><head><link rel="dns-prefetch" href="https://cdn.cimri.io"/><link rel="dns-prefetch" href="https://cdn.cimri.io"/><link rel="dns-prefetch" href="https://assets.cimri.com/"/><link rel="preconnect" href="https://fonts.googleapis.com"/><link rel="preconnect" href="https://fonts.gstatic.com"/><link rel="preload" as="font" type="font/woff2" href="https://fonts.gstatic.com/l/font?kit=UcC73FwrK3iLTeHuS_fvQtMwCp50KnMq15j8eUYDVNY0mlf4NL5mpZyqsMP5Vx69KLV5G1MJhxEXQs4FPB8_NKmC8488zldq1Uy8DZdMOA7_4A3RJ3-4-wUZfzbBHLNGJ3dL7lXKsb_bdn2Z5S9GYFCQkMNFlkUmEikRaE26CCs3WN-Y0SGIY1BQiEcdfOzh13R8BtC2nw5dq6hukNL01a5ma6iK7_hjdejoL5U9ZuFQQHKR68JOpH5fsxXG7lWaqj5aHvQ_Wl5vhMecr0cXlFZcB1a24_eveS4n2Tthl6IFkV9RolIelYNSJlKfTnnKfn4GXFM8Tc9roeDWNaR9VMQa6JLiUkFLO07Gu6htz2KPWITCQ0vyTz4H4B1CLvXW25dh0IB5UNG-qBvglZxzi3In1bbcYPxAB8Wk3D9kmdc2sUKmJU_y2rXjVXz4XmpT5vNgiunwbNC_aR3XVUTMVBsCFj47su8voCsL&amp;skey=c491285d6722e4fa&amp;v=v13" crossorigin="anonymous"/><style>@font-face {
    font-family: 'Inter';
    font-style: normal;
    font-weight: 400 700;
    src: url(https://fonts.gstatic.com/l/font?kit=UcC73FwrK3iLTeHuS_fvQtMwCp50KnMq15j8eUYDVNY0mlf4NL5mpZyqsMP5Vx69KLV5G1MJhxEXQs4FPB8_NKmC8488zldq1Uy8DZdMOA7_4A3RJ3-4-wUZfzbBHLNGJ3dL7lXKsb_bdn2Z5S9GYFCQkMNFlkUmEikRaE26CCs3WN-Y0SGIY1BQiEcdfOzh13R8BtC2nw5dq6hukNL01a5ma6iK7_hjdejoL5U9ZuFQQHKR68JOpH5fsxXG7lWaqj5aHvQ_Wl5vhMecr0cXlFZcB1a24_eveS4n2Tthl6IFkV9RolIelYNSJlKfTnnKfn4GXFM8Tc9roeDWNaR9VMQa6JLiUkFLO07Gu6htz2KPWITCQ0vyTz4H4B1CLvXW25dh0IB5UNG-qBvglZxzi3In1bbcYPxAB8Wk3D9kmdc2sUKmJU_y2rXjVXz4XmpT5vNgiunwbNC_aR3XVUTMVBsCFj47su8voCsL&skey=c491285d6722e4fa&v=v13) format('woff2');
  }</style><script>window.amazonTraceId = "Root=1-67924f1d-0d77d3bf6714e6272efcb2db"</script><script>
                  if (window.location.origin.includes("webcache.googleusercontent.com")) {
                    window.OhistoryReplaceState = window.history["replaceState"];
                    window.history["replaceState"] = (...args) => {
                      try {
                        return window.OhistoryReplaceState.apply(window.history, args);
                      } catch (e) {
                        console.log(e);
                      }
                    };
                  }
                </script><script>
                  window.cimriUser="beta";
                  window.cimriPlatform="beta-desktop";
                </script><meta charSet="utf-8"/><script type="application/ld+json">{
      "@context": "https://schema.org",
      "@type": "BreadcrumbList",
      "itemListElement": [
        {
          "@type": "ListItem",
          "position": 1,
          "item": {
            "@id": "https://www.cimri.com/",
            "name": "Cimri"
          }
        },{
          "@type": "ListItem",
          "position": 2,
          "item": {
            "@id": "https://www.cimri.com/market",
            "name": "Market Anasayfa"
          }
        }
       ]
    }</script><script type="application/ld+json">{
            "@context": "http://schema.org",
            "@type": "Organization",
            "name": "Cimri Market",
            "alternateName":"CimriMarket",
            "url":"https://www.cimri.com/market",
            "logo":"https://www.cimri.com/blog/wp-content/uploads/2017/11/cimri.com-talks-3.jpg",
            "foundingDate":"2021",     
            "sameAs":[
              "https://www.facebook.com/cimri",
              "https://twitter.com/cimri",
              "https://plus.google.com/+cimri",
              "https://www.instagram.com/cimri/",
              "https://www.youtube.com/cimri",
              "https://www.linkedin.com/company/cimri-com",
              "https://www.pinterest.com/cimri/"
            ]    
          }</script><script type="application/ld+json">{
            "@context": "http://schema.org",
            "@type": "WebPage",
            "url": "https://www.cimri.com/market/arama?q=%C5%9Feker",
            "inLanguage": "tr-TR",
            "significantLinks": ["https://www.cimri.com/market/toz-ve-kup-seker/en-ucuz-kristal-50-kg-toz-seker-fiyatlari,1431121","https://www.cimri.com/market/toz-ve-kup-seker/en-ucuz-bal-kupu-5-kg-toz-seker-fiyatlari,51432","https://www.cimri.com/market/toz-ve-kup-seker/en-ucuz-turk-seker-50-kg-toz-seker-fiyatlari,51759","https://www.cimri.com/market/toz-ve-kup-seker/en-ucuz-irmak-5-kg-kup-seker-tek-sargili-dokme-fiyatlari,1080153","https://www.cimri.com/market/toz-ve-kup-seker/en-ucuz-nar-5-kg-toz-seker-fiyatlari,1163581","https://www.cimri.com/market/toz-ve-kup-seker/en-ucuz-kayseri-seker-kristal-50-kg-toz-seker-fiyatlari,136774","https://www.cimri.com/market/toz-ve-kup-seker/en-ucuz-avansas-5-kg-tek-sargili-kup-seker-fiyatlari,51473","https://www.cimri.com/market/toz-ve-kup-seker/en-ucuz-pekseker-5-kg-tek-sargili-kesme-seker-fiyatlari,51545","https://www.cimri.com/market/toz-ve-kup-seker/en-ucuz-mgs-1-kg-405-adet-kup-seker-fiyatlari,1115188","https://www.cimri.com/market/toz-ve-kup-seker/en-ucuz-irmak-stick-4-kg-seker-fiyatlari,51424","https://www.cimri.com/market/toz-ve-kup-seker/en-ucuz-yazar-5-kg-kristal-toz-seker-fiyatlari,97722","https://www.cimri.com/market/toz-ve-kup-seker/en-ucuz-basak-5-kg-toz-seker-fiyatlari,810032","https://www.cimri.com/market/toz-ve-kup-seker/en-ucuz-carrefour-5-kg-toz-seker-fiyatlari,136527","https://www.cimri.com/market/toz-ve-kup-seker/en-ucuz-irmak-1-kg-toz-seker-fiyatlari,51441","https://www.cimri.com/market/toz-ve-kup-seker/en-ucuz-nar-1-kg-kup-seker-fiyatlari,810040","https://www.cimri.com/market/toz-ve-kup-seker/en-ucuz-bal-kupu-3-kg-kristal-seker-fiyatlari,1414723","https://www.cimri.com/market/toz-ve-kup-seker/en-ucuz-pekseker-5-kg-toz-seker-fiyatlari,51444","https://www.cimri.com/market/toz-ve-kup-seker/en-ucuz-gul-aras-405-adet-1-kg-kup-seker-fiyatlari,1162925","https://www.cimri.com/market/toz-ve-kup-seker/en-ucuz-hanzade-bitkisel-1-kg-esmer-toz-seker-fiyatlari,1063359","https://www.cimri.com/market/toz-ve-kup-seker/en-ucuz-mgs-fisek-4-kg-toz-seker-fiyatlari,51527","https://www.cimri.com/market/toz-ve-kup-seker/en-ucuz-petek-5000-gr-toz-seker-fiyatlari,51549","https://www.cimri.com/market/toz-ve-kup-seker/en-ucuz-dogus-5-kg-toz-seker-fiyatlari,51442","https://www.cimri.com/market/toz-ve-kup-seker/en-ucuz-bor-seker-5-kg-toz-seker-fiyatlari,949250","https://www.cimri.com/market/toz-ve-kup-seker/en-ucuz-yazar-5-kg-kristal-toz-seker-5-kg-pastalik-boreklik-un-fiyatlari,411173","https://www.cimri.com/market/toz-ve-kup-seker/en-ucuz-mgs-750-gr-tek-sarma-kup-seker-poset-fiyatlari,1080154","https://www.cimri.com/market/toz-ve-kup-seker/en-ucuz-safak-5-kg-toz-seker-fiyatlari,1161446","https://www.cimri.com/market/toz-ve-kup-seker/en-ucuz-merpak-2000-li-3-gram-kirmizi-beyaz-baskili-stick-toz-seker-fiyatlari,877003","https://www.cimri.com/market/toz-ve-kup-seker/en-ucuz-turk-seker-kristal-toz-seker-5-kg-fiyatlari,129119","https://www.cimri.com/market/toz-ve-kup-seker/en-ucuz-bal-kupu-kup-seker-1-kg-fiyatlari,540588","https://www.cimri.com/market/toz-ve-kup-seker/en-ucuz-bor-seker-2-kg-toz-seker-fiyatlari,932540","https://www.cimri.com/market/toz-ve-kup-seker/en-ucuz-irmak-5-kg-toz-seker-fiyatlari,51416","https://www.cimri.com/market/toz-ve-kup-seker/en-ucuz-tos-the-organic-spices-500-gr-esmer-kahverengi-seker-fiyatlari,1509164"]
          }</script><script type="application/ld+json">{"@context":"https://schema.org","@type":"ItemList","url":"https://www.cimri.com/market/arama?q=%C5%9Feker","itemListElement":[{"@type":"ListItem","position":1,"item":{"@type":"Product","image":"https://cdn.cimri.io/market/240x240/kristal-50-kg-toz-seker-_1897179.jpg","url":"https://www.cimri.com/market/toz-ve-kup-seker/en-ucuz-kristal-50-kg-toz-seker-fiyatlari,1431121","name":"Kristal 50 kg Toz Şeker","offers":{"@type":"AggregateOffer","offerCount":2,"priceCurrency":"TRY","lowPrice":950}}},{"@type":"ListItem","position":2,"item":{"@type":"Product","image":"https://cdn.cimri.io/market/240x240/bal-kupu-5-kg-toz-seker-_280825.jpg","url":"https://www.cimri.com/market/toz-ve-kup-seker/en-ucuz-bal-kupu-5-kg-toz-seker-fiyatlari,51432","name":"Bal Küpü 5 kg Toz Şeker","offers":{"@type":"AggregateOffer","offerCount":13,"priceCurrency":"TRY","lowPrice":145.9}}},{"@type":"ListItem","position":3,"item":{"@type":"Product","image":"https://cdn.cimri.io/market/240x240/turk-seker-50-kg-toz-seker-_281096.jpg","url":"https://www.cimri.com/market/toz-ve-kup-seker/en-ucuz-turk-seker-50-kg-toz-seker-fiyatlari,51759","name":"Türk Şeker 50 kg Toz Şeker","offers":{"@type":"AggregateOffer","offerCount":2,"priceCurrency":"TRY","lowPrice":2263.02}}},{"@type":"ListItem","position":4,"item":{"@type":"Product","image":"https://cdn.cimri.io/market/240x240/irmak-5-kg-kup-seker-tek-sargili-dokme-_1301795.jpg","url":"https://www.cimri.com/market/toz-ve-kup-seker/en-ucuz-irmak-5-kg-kup-seker-tek-sargili-dokme-fiyatlari,1080153","name":"Irmak 5 kg Küp Şeker Tek Sargılı Dökme","offers":{"@type":"AggregateOffer","offerCount":7,"priceCurrency":"TRY","lowPrice":269.9}}},{"@type":"ListItem","position":5,"item":{"@type":"Product","image":"https://cdn.cimri.io/market/240x240/nar-5-kg-toz-seker-_1433370.jpg","url":"https://www.cimri.com/market/toz-ve-kup-seker/en-ucuz-nar-5-kg-toz-seker-fiyatlari,1163581","name":"Nar 5 kg Toz Şeker","offers":{"@type":"AggregateOffer","offerCount":4,"priceCurrency":"TRY","lowPrice":179.95}}},{"@type":"ListItem","position":6,"item":{"@type":"Product","image":"https://cdn.cimri.io/market/240x240/kayseri-seker-kristal-50-kg-toz-seker-_323085.jpg","url":"https://www.cimri.com/market/toz-ve-kup-seker/en-ucuz-kayseri-seker-kristal-50-kg-toz-seker-fiyatlari,136774","name":"Kayseri Şeker Kristal 50 kg Toz Şeker","offers":{"@type":"AggregateOffer","offerCount":2,"priceCurrency":"TRY","lowPrice":2169.44}}},{"@type":"ListItem","position":7,"item":{"@type":"Product","image":"https://cdn.cimri.io/market/240x240/avansas-5-kg-tek-sargili-kup-seker-_280866.jpg","url":"https://www.cimri.com/market/toz-ve-kup-seker/en-ucuz-avansas-5-kg-tek-sargili-kup-seker-fiyatlari,51473","name":"Avansas 5 Kg Tek Sargılı Küp Şeker","offers":{"@type":"AggregateOffer","offerCount":1,"priceCurrency":"TRY","lowPrice":254.74}}},{"@type":"ListItem","position":8,"item":{"@type":"Product","image":"https://cdn.cimri.io/market/240x240/pekseker-5-kg-tek-sargili-kesme-seker-_280935.jpg","url":"https://www.cimri.com/market/toz-ve-kup-seker/en-ucuz-pekseker-5-kg-tek-sargili-kesme-seker-fiyatlari,51545","name":"Pekşeker 5 kg Tek Sargılı Kesme Şeker","offers":{"@type":"AggregateOffer","offerCount":6,"priceCurrency":"TRY","lowPrice":286.28}}},{"@type":"ListItem","position":9,"item":{"@type":"Product","image":"https://cdn.cimri.io/market/240x240/mgs-1-kg-405-adet-kup-seker-_190551.jpg","url":"https://www.cimri.com/market/toz-ve-kup-seker/en-ucuz-mgs-1-kg-405-adet-kup-seker-fiyatlari,1115188","name":"Mgs 1 kg 405 Adet Küp Şeker","offers":{"@type":"AggregateOffer","offerCount":2,"priceCurrency":"TRY","lowPrice":39}}},{"@type":"ListItem","position":10,"item":{"@type":"Product","image":"https://cdn.cimri.io/market/240x240/irmak-stick-4-kg-seker-_280820.jpg","url":"https://www.cimri.com/market/toz-ve-kup-seker/en-ucuz-irmak-stick-4-kg-seker-fiyatlari,51424","name":"Irmak Stick 4 kg Şeker","offers":{"@type":"AggregateOffer","offerCount":3,"priceCurrency":"TRY","lowPrice":283.69}}},{"@type":"ListItem","position":11,"item":{"@type":"Product","image":"https://cdn.cimri.io/market/240x240/yazar-5-kg-kristal-toz-seker-_1978022.jpg","url":"https://www.cimri.com/market/toz-ve-kup-seker/en-ucuz-yazar-5-kg-kristal-toz-seker-fiyatlari,97722","name":"Yazar 5 kg Kristal Toz Şeker","offers":{"@type":"AggregateOffer","offerCount":8,"priceCurrency":"TRY","lowPrice":244.23}}},{"@type":"ListItem","position":12,"item":{"@type":"Product","image":"https://cdn.cimri.io/market/240x240/basak-5-kg-toz-seker-_794234.jpg","url":"https://www.cimri.com/market/toz-ve-kup-seker/en-ucuz-basak-5-kg-toz-seker-fiyatlari,810032","name":"Başak 5 kg Toz Şeker","offers":{"@type":"AggregateOffer","offerCount":6,"priceCurrency":"TRY","lowPrice":272.3}}},{"@type":"ListItem","position":13,"item":{"@type":"Product","image":"https://cdn.cimri.io/market/240x240/carrefour-5-kg-toz-seker-_322953.jpg","url":"https://www.cimri.com/market/toz-ve-kup-seker/en-ucuz-carrefour-5-kg-toz-seker-fiyatlari,136527","name":"Carrefour 5 kg Toz Şeker","offers":{"@type":"AggregateOffer","offerCount":2,"priceCurrency":"TRY","lowPrice":174.5}}},{"@type":"ListItem","position":14,"item":{"@type":"Product","image":"https://cdn.cimri.io/market/240x240/irmak-1-kg-toz-seker-_280836.jpg","url":"https://www.cimri.com/market/toz-ve-kup-seker/en-ucuz-irmak-1-kg-toz-seker-fiyatlari,51441","name":"Irmak 1 kg Toz Şeker","offers":{"@type":"AggregateOffer","offerCount":7,"priceCurrency":"TRY","lowPrice":26.9}}},{"@type":"ListItem","position":15,"item":{"@type":"Product","image":"https://cdn.cimri.io/market/240x240/nar-1-kg-kup-seker-_765696.jpg","url":"https://www.cimri.com/market/toz-ve-kup-seker/en-ucuz-nar-1-kg-kup-seker-fiyatlari,810040","name":"Nar 1 kg Küp Şeker","offers":{"@type":"AggregateOffer","offerCount":4,"priceCurrency":"TRY","lowPrice":47.5}}},{"@type":"ListItem","position":16,"item":{"@type":"Product","image":"https://cdn.cimri.io/market/240x240/bal-kupu-3-kg-kristal-seker-_1866271.jpg","url":"https://www.cimri.com/market/toz-ve-kup-seker/en-ucuz-bal-kupu-3-kg-kristal-seker-fiyatlari,1414723","name":"Bal Küpü 3 kg Kristal Şeker","offers":{"@type":"AggregateOffer","offerCount":13,"priceCurrency":"TRY","lowPrice":109.9}}},{"@type":"ListItem","position":17,"item":{"@type":"Product","image":"https://cdn.cimri.io/market/240x240/pekseker-5-kg-toz-seker-_280839.jpg","url":"https://www.cimri.com/market/toz-ve-kup-seker/en-ucuz-pekseker-5-kg-toz-seker-fiyatlari,51444","name":"Pekşeker 5 kg Toz Şeker","offers":{"@type":"AggregateOffer","offerCount":2,"priceCurrency":"TRY","lowPrice":145.9}}},{"@type":"ListItem","position":18,"item":{"@type":"Product","image":"https://cdn.cimri.io/market/240x240/gul-aras-405-adet-1-kg-kup-seker-_1434908.jpg","url":"https://www.cimri.com/market/toz-ve-kup-seker/en-ucuz-gul-aras-405-adet-1-kg-kup-seker-fiyatlari,1162925","name":"Gül Aras 405 Adet 1 kg Küp Şeker","offers":{"@type":"AggregateOffer","offerCount":1,"priceCurrency":"TRY","lowPrice":31}}},{"@type":"ListItem","position":19,"item":{"@type":"Product","image":"https://cdn.cimri.io/market/240x240/hanzade-bitkisel-1-kg-esmer-toz-seker-_1264017.jpg","url":"https://www.cimri.com/market/toz-ve-kup-seker/en-ucuz-hanzade-bitkisel-1-kg-esmer-toz-seker-fiyatlari,1063359","name":"Hanzade Bitkisel 1 kg Esmer Toz Şeker","offers":{"@type":"AggregateOffer","offerCount":4,"priceCurrency":"TRY","lowPrice":54}}},{"@type":"ListItem","position":20,"item":{"@type":"Product","image":"https://cdn.cimri.io/market/240x240/mgs-fisek-4-kg-toz-seker-_329443.jpg","url":"https://www.cimri.com/market/toz-ve-kup-seker/en-ucuz-mgs-fisek-4-kg-toz-seker-fiyatlari,51527","name":"Mgs Fişek 4 kg Toz Şeker","offers":{"@type":"AggregateOffer","offerCount":3,"priceCurrency":"TRY","lowPrice":298.96}}},{"@type":"ListItem","position":21,"item":{"@type":"Product","image":"https://cdn.cimri.io/market/240x240/petek-5000-gr-toz-seker-_280932.jpg","url":"https://www.cimri.com/market/toz-ve-kup-seker/en-ucuz-petek-5000-gr-toz-seker-fiyatlari,51549","name":"Petek 5000 gr Toz Şeker","offers":{"@type":"AggregateOffer","offerCount":1,"priceCurrency":"TRY","lowPrice":174.5}}},{"@type":"ListItem","position":22,"item":{"@type":"Product","image":"https://cdn.cimri.io/market/240x240/dogus-5-kg-toz-seker-_280837.jpg","url":"https://www.cimri.com/market/toz-ve-kup-seker/en-ucuz-dogus-5-kg-toz-seker-fiyatlari,51442","name":"Doğuş 5 kg Toz Şeker","offers":{"@type":"AggregateOffer","offerCount":3,"priceCurrency":"TRY","lowPrice":199}}},{"@type":"ListItem","position":23,"item":{"@type":"Product","image":"https://cdn.cimri.io/market/240x240/bor-seker-5-kg-toz-seker-_1094967.jpg","url":"https://www.cimri.com/market/toz-ve-kup-seker/en-ucuz-bor-seker-5-kg-toz-seker-fiyatlari,949250","name":"Bor Şeker 5 kg Toz Şeker","offers":{"@type":"AggregateOffer","offerCount":4,"priceCurrency":"TRY","lowPrice":180}}},{"@type":"ListItem","position":24,"item":{"@type":"Product","image":"https://cdn.cimri.io/market/240x240/yazar-5-kg-kristal-toz-seker-5-kg-pastalik-boreklik-un-_229821.jpg","url":"https://www.cimri.com/market/toz-ve-kup-seker/en-ucuz-yazar-5-kg-kristal-toz-seker-5-kg-pastalik-boreklik-un-fiyatlari,411173","name":"Yazar 5 kg Kristal Toz Şeker + 5 kg Pastalık Böreklik Un","offers":{"@type":"AggregateOffer","offerCount":1,"priceCurrency":"TRY","lowPrice":409.85}}},{"@type":"ListItem","position":25,"item":{"@type":"Product","image":"https://cdn.cimri.io/market/240x240/mgs-750-gr-tek-sarma-kup-seker-poset-_1301796.jpg","url":"https://www.cimri.com/market/toz-ve-kup-seker/en-ucuz-mgs-750-gr-tek-sarma-kup-seker-poset-fiyatlari,1080154","name":"Mgs 750 gr Tek Sarma Küp Şeker Poşet","offers":{"@type":"AggregateOffer","offerCount":1,"priceCurrency":"TRY","lowPrice":89.23}}},{"@type":"ListItem","position":26,"item":{"@type":"Product","image":"https://cdn.cimri.io/market/240x240/safak-5-kg-toz-seker-_1432047.jpg","url":"https://www.cimri.com/market/toz-ve-kup-seker/en-ucuz-safak-5-kg-toz-seker-fiyatlari,1161446","name":"Şafak 5 kg Toz Şeker","offers":{"@type":"AggregateOffer","offerCount":2,"priceCurrency":"TRY","lowPrice":174.5}}},{"@type":"ListItem","position":27,"item":{"@type":"Product","image":"https://cdn.cimri.io/market/240x240/merpak-2000li-3-gram-kirmizi-beyaz-baskili-stick-toz-seker-_922136.jpg","url":"https://www.cimri.com/market/toz-ve-kup-seker/en-ucuz-merpak-2000-li-3-gram-kirmizi-beyaz-baskili-stick-toz-seker-fiyatlari,877003","name":"Merpak 2000li 3 gram Kırmızı Beyaz Baskılı Stick Toz Şeker","offers":{"@type":"AggregateOffer","offerCount":1,"priceCurrency":"TRY","lowPrice":329.9}}},{"@type":"ListItem","position":28,"item":{"@type":"Product","image":"https://cdn.cimri.io/market/240x240/turk-seker-kristal-toz-seker-5-kg-_1563238.jpg","url":"https://www.cimri.com/market/toz-ve-kup-seker/en-ucuz-turk-seker-kristal-toz-seker-5-kg-fiyatlari,129119","name":"Türk Şeker Kristal Toz Şeker 5 kg","offers":{"@type":"AggregateOffer","offerCount":2,"priceCurrency":"TRY","lowPrice":168.5}}},{"@type":"ListItem","position":29,"item":{"@type":"Product","image":"https://cdn.cimri.io/market/240x240/bal-kupu-kup-seker-1-kg-_507116.jpg","url":"https://www.cimri.com/market/toz-ve-kup-seker/en-ucuz-bal-kupu-kup-seker-1-kg-fiyatlari,540588","name":"Bal Küpü Küp Şeker 1 kg","offers":{"@type":"AggregateOffer","offerCount":18,"priceCurrency":"TRY","lowPrice":48}}},{"@type":"ListItem","position":30,"item":{"@type":"Product","image":"https://cdn.cimri.io/market/240x240/bor-seker-2-kg-toz-seker-_985683.jpg","url":"https://www.cimri.com/market/toz-ve-kup-seker/en-ucuz-bor-seker-2-kg-toz-seker-fiyatlari,932540","name":"Bor Şeker 2 kg Toz Şeker","offers":{"@type":"AggregateOffer","offerCount":4,"priceCurrency":"TRY","lowPrice":69.9}}},{"@type":"ListItem","position":31,"item":{"@type":"Product","image":"https://cdn.cimri.io/market/240x240/irmak-5-kg-toz-seker-_280824.jpg","url":"https://www.cimri.com/market/toz-ve-kup-seker/en-ucuz-irmak-5-kg-toz-seker-fiyatlari,51416","name":"Irmak 5 kg Toz Şeker","offers":{"@type":"AggregateOffer","offerCount":7,"priceCurrency":"TRY","lowPrice":145.9}}},{"@type":"ListItem","position":32,"item":{"@type":"Product","image":"https://cdn.cimri.io/market/240x240/tos-the-organic-spices-500-gr-esmer-kahverengi-seker-_1987698.jpg","url":"https://www.cimri.com/market/toz-ve-kup-seker/en-ucuz-tos-the-organic-spices-500-gr-esmer-kahverengi-seker-fiyatlari,1509164","name":"TOS The Organic Spices 500 gr Esmer Kahverengi Şeker","offers":{"@type":"AggregateOffer","offerCount":1,"priceCurrency":"TRY","lowPrice":271.82}}}]}</script><title>şeker Fiyat ve Çeşitleri</title><meta name="viewport" content="width=device-width, initial-scale=1, user-scalable=no"/><meta name="description" content="şeker Fiyatları - şeker Özellikleri ve Çeşitleri Cimri’ de! şeker En Ucuz Fiyat Avantajı ve İndirim Seçenekleri Cimri.com’ da."/><meta name="robots" content="noindex,follow"/><meta name="next-head-count" content="9"/><link rel="preload" href="https://assets.cimri.com/assets/market/_next/static/css/688d1f98b70a0225f444.css" as="style"/><link rel="stylesheet" href="https://assets.cimri.com/assets/market/_next/static/css/688d1f98b70a0225f444.css" data-n-g=""/><link rel="preload" href="https://assets.cimri.com/assets/market/_next/static/css/441f92d151789491a32e.css" as="style"/><link rel="stylesheet" href="https://assets.cimri.com/assets/market/_next/static/css/441f92d151789491a32e.css" data-n-p=""/><link rel="preload" href="https://assets.cimri.com/assets/market/_next/static/css/7819b6ce56e725f8aaa4.css" as="style"/><link rel="stylesheet" href="https://assets.cimri.com/assets/market/_next/static/css/7819b6ce56e725f8aaa4.css" data-n-p=""/><link rel="preload" href="https://assets.cimri.com/assets/market/_next/static/css/2f63c79908a97f758768.css" as="style"/><link rel="stylesheet" href="https://assets.cimri.com/assets/market/_next/static/css/2f63c79908a97f758768.css" data-n-p=""/><link rel="preload" href="https://assets.cimri.com/assets/market/_next/static/css/b62f78db51cfe8affe82.css" as="style"/><link rel="stylesheet" href="https://assets.cimri.com/assets/market/_next/static/css/b62f78db51cfe8affe82.css" data-n-p=""/><link rel="preload" href="https://assets.cimri.com/assets/market/_next/static/css/759082494345cd3ff3db.css" as="style"/><link rel="stylesheet" href="https://assets.cimri.com/assets/market/_next/static/css/759082494345cd3ff3db.css" data-n-p=""/><noscript data-n-css=""></noscript><script defer="" nomodule="" src="https://assets.cimri.com/assets/market/_next/static/chunks/polyfills-e7a279300235e161e32a.js"></script><script src="https://assets.cimri.com/assets/market/_next/static/chunks/webpack-14a68a7447bdb976587f.js" defer=""></script><script src="https://assets.cimri.com/assets/market/_next/static/chunks/framework-3af989d3dbeb77832f99.js" defer=""></script><script src="https://assets.cimri.com/assets/market/_next/static/chunks/main-0c91ecb685387c0225a6.js" defer=""></script><script src="https://assets.cimri.com/assets/market/_next/static/chunks/pages/_app-2be16d9fb70d76755049.js" defer=""></script><script src="https://assets.cimri.com/assets/market/_next/static/chunks/416-75ce8ec52bf5e23ee5ac.js" defer=""></script><script src="https://assets.cimri.com/assets/market/_next/static/chunks/401-96d52d134cddbccce14c.js" defer=""></script><script src="https://assets.cimri.com/assets/market/_next/static/chunks/641-191ab7f162134d43c7bf.js" defer=""></script><script src="https://assets.cimri.com/assets/market/_next/static/chunks/824-5360b7ddc8be28485e62.js" defer=""></script><script src="https://assets.cimri.com/assets/market/_next/static/chunks/42-4708641142414b3b8536.js" defer=""></script><script src="https://assets.cimri.com/assets/market/_next/static/chunks/pages/search-994b470e31b27487db8e.js" defer=""></script><script src="https://assets.cimri.com/assets/market/_next/static/8n4TBYJiir7afcfgYH4Y_/_buildManifest.js" defer=""></script><script src="https://assets.cimri.com/assets/market/_next/static/8n4TBYJiir7afcfgYH4Y_/_ssgManifest.js" defer=""></script></head><body tabindex="-1"><div id="__next"><div class="TopHeader_domainSwitcher__xsRGF TopHeader_isDesktopDevice__1eEtz"><div class="TopHeader_switcherContainer__3TORc"><div style="position:relative"><ul><li><a href="/" title="cimri Logo" role="banner"><span>cimri</span><img src="https://cdn.cimri.io/web-images/desktop_cimri.png" alt="cimri-logo" width="48" height="16" loading="eager"/><div></div></a></li><li class="TopHeader_domainSwitcherActiveMarket__2fiH2"><a href="/market" title="cimri markette Logo" role="banner"><span>cimri markette</span><img src="https://cdn.cimri.io/web-images/markette/cimri_markette_tab_white.png" alt="cimri-markette-logo" width="52" height="21" loading="eager"/><div></div></a></li><li class="TopHeader_domainSwitcherActiveFinans__3Zn9J"><a href="/finans/ihtiyac-kredisi" title="cimri finans Logo" role="banner"><span>cimri finans</span><img src="https://cdn.cimri.io/web-images/finance/cimri_finance_tab.png" alt="cimri-finans-logo" width="34" height="20" loading="eager"/></a></li></ul></div></div></div><div class="Header_mainHeader__2b3hW Header_sticky__1sRPe"><div class="Container_container__31UmU Container_isDesktopDevice__xMxHj"><div class="Header_headerContainer__AaglE"><div class="Header_headerLeftCol__3tH5I"><a href="/market" title="cimri markette Logo" role="banner" class="Header_logo__1gXJa"><img src="https://cdn.cimri.io/web-images/markette/desktop_markette.png" alt="cimri markette Logo" loading="eager" width="175" height="21"/></a></div><div class="SearchBarSuggestion_styles_container__1VUWS"><div class="SearchInput_searchInput__2XH91"><div class="SearchInput_backIcon__1hTsX"><svg width="17" height="11.631578947368421" viewBox="0 0 19 13" fill="black" xmlns="http://www.w3.org/2000/svg"><path d="M18 6.5H1M1 6.5L6.66667 1M1 6.5L6.66667 12" stroke="#13161A" stroke-width="1.4" stroke-linecap="round" stroke-linejoin="round" fill="black"></path></svg></div><input type="text" value="şeker" placeholder="Binlerce market ürünü içinde arayın"/><div class="SearchInput_searchIcon__efacK"><div class="SearchInput_lgOnly__2nARi"><svg width="18" height="18" viewBox="0 0 18 18" fill="#929da6" xmlns="http://www.w3.org/2000/svg"><path fill-rule="evenodd" clip-rule="evenodd" d="M13.6365 12.2836C14.8207 10.7494 15.3764 8.82105 15.1906 6.89104C15.0047 4.96102 14.0913 3.17446 12.6362 1.89502C11.1812 0.615589 9.29382 -0.0605434 7.3584 0.00426279C5.42299 0.069069 3.58498 0.869942 2.21853 2.24385C0.852077 3.61777 0.0599028 5.46144 0.00326048 7.39957C-0.0533819 9.3377 0.629766 11.2246 1.91364 12.6762C3.19752 14.1277 4.98561 15.0349 6.91393 15.2129C8.84225 15.3909 10.7658 14.8264 12.2931 13.6343L12.3336 13.6771L16.3716 17.7203C16.5505 17.8994 16.7931 18 17.0461 18C17.2991 18 17.5417 17.8994 17.7206 17.7203C17.8995 17.5411 18 17.2982 18 17.0449C18 16.7916 17.8995 16.5487 17.7206 16.3695L13.6792 12.3242L13.6365 12.2836ZM11.6602 3.56478C12.4587 4.36432 13.0025 5.38297 13.2228 6.49193C13.443 7.60089 13.3299 8.75035 12.8978 9.79496C12.4656 10.8396 11.7338 11.7324 10.7949 12.3606C9.85593 12.9887 8.75205 13.324 7.6228 13.324C6.49356 13.324 5.38967 12.9887 4.45073 12.3606C3.5118 11.7324 2.77998 10.8396 2.34782 9.79496C1.91566 8.75035 1.80257 7.60089 2.02285 6.49193C2.24313 5.38297 2.78689 4.36432 3.58536 3.56478C4.11556 3.03388 4.745 2.61275 5.43774 2.32543C6.13049 2.03811 6.87297 1.89022 7.6228 1.89022C8.37263 1.89022 9.11512 2.03811 9.80786 2.32543C10.5006 2.61275 11.13 3.03388 11.6602 3.56478Z" fill="#929da6"></path></svg></div><div class="SearchInput_xlOnly__1Tjry"><svg width="18" height="18" viewBox="0 0 18 18" fill="#3ab424" xmlns="http://www.w3.org/2000/svg"><path fill-rule="evenodd" clip-rule="evenodd" d="M13.6365 12.2836C14.8207 10.7494 15.3764 8.82105 15.1906 6.89104C15.0047 4.96102 14.0913 3.17446 12.6362 1.89502C11.1812 0.615589 9.29382 -0.0605434 7.3584 0.00426279C5.42299 0.069069 3.58498 0.869942 2.21853 2.24385C0.852077 3.61777 0.0599028 5.46144 0.00326048 7.39957C-0.0533819 9.3377 0.629766 11.2246 1.91364 12.6762C3.19752 14.1277 4.98561 15.0349 6.91393 15.2129C8.84225 15.3909 10.7658 14.8264 12.2931 13.6343L12.3336 13.6771L16.3716 17.7203C16.5505 17.8994 16.7931 18 17.0461 18C17.2991 18 17.5417 17.8994 17.7206 17.7203C17.8995 17.5411 18 17.2982 18 17.0449C18 16.7916 17.8995 16.5487 17.7206 16.3695L13.6792 12.3242L13.6365 12.2836ZM11.6602 3.56478C12.4587 4.36432 13.0025 5.38297 13.2228 6.49193C13.443 7.60089 13.3299 8.75035 12.8978 9.79496C12.4656 10.8396 11.7338 11.7324 10.7949 12.3606C9.85593 12.9887 8.75205 13.324 7.6228 13.324C6.49356 13.324 5.38967 12.9887 4.45073 12.3606C3.5118 11.7324 2.77998 10.8396 2.34782 9.79496C1.91566 8.75035 1.80257 7.60089 2.02285 6.49193C2.24313 5.38297 2.78689 4.36432 3.58536 3.56478C4.11556 3.03388 4.745 2.61275 5.43774 2.32543C6.13049 2.03811 6.87297 1.89022 7.6228 1.89022C8.37263 1.89022 9.11512 2.03811 9.80786 2.32543C10.5006 2.61275 11.13 3.03388 11.6602 3.56478Z" fill="#3ab424"></path></svg></div></div></div><div class="SearchBarSuggestion_styles_result__QD6c3"><div class="SearchBarSuggestion_styles_cardContainer__3Jo87"><div class="SearchBarSuggestion_styles_cardTitle__3XSdH"><span>POPÜLER ARAMALAR</span></div><div class="SearchBarSuggestion_styles_keywords__2QdmK"><a href="/market/sivi-yag-ve-zeytinyagi" class="SearchBarSuggestion_styles_keyword__1Ugqp">Ayçiçek Yağı</a><a href="/market/tuvalet-kagidi" class="SearchBarSuggestion_styles_keyword__1Ugqp">Tuvalet Kağıdı</a><a href="/market/toz-ve-kup-seker" class="SearchBarSuggestion_styles_keyword__1Ugqp">Şeker</a></div></div></div></div><div class="Header_headerRightCol__15DaI"><div class="Location_container__2qQzh"><svg width="20" height="20" viewBox="0 0 16 20" fill="none" xmlns="http://www.w3.org/2000/svg"><path fill-rule="evenodd" clip-rule="evenodd" d="M7.99744 11.5334L7.99753 17.5081C8.16222 17.4027 8.37882 17.2588 8.63189 17.0779C9.2326 16.6487 10.0325 16.016 10.8303 15.2033C12.4382 13.5652 13.9621 11.2749 13.9621 8.49799L13.9623 8.48049C13.9822 7.68476 13.8427 6.89308 13.5518 6.15213C13.261 5.41117 12.8248 4.73592 12.2689 4.16617C11.7131 3.59642 11.0488 3.14369 10.3153 2.83466C9.58172 2.52563 8.79329 2.36655 7.99731 2.3668L7.99774 0.966797C8.98042 0.966549 9.9532 1.16296 10.8588 1.54447C11.7645 1.92604 12.5847 2.48503 13.271 3.18852C13.9574 3.892 14.4959 4.72574 14.855 5.64062C15.213 6.55275 15.3854 7.52713 15.3621 8.50668C15.3589 11.8071 13.5522 14.4289 11.8294 16.184C10.961 17.0687 10.0947 17.7533 9.44585 18.217C9.12081 18.4493 8.84873 18.6272 8.65604 18.7482C8.55965 18.8087 8.483 18.855 8.42938 18.8868C8.40256 18.9027 8.3815 18.915 8.36658 18.9236L8.34888 18.9337L8.34358 18.9367L8.34184 18.9377C8.34158 18.9379 8.34071 18.9384 7.99753 18.3283C7.65434 18.9384 7.65411 18.9382 7.65385 18.9381L7.65147 18.9367L7.64617 18.9337L7.62847 18.9236C7.61356 18.915 7.59249 18.9027 7.56567 18.8868C7.51205 18.855 7.4354 18.8087 7.33902 18.7482C7.14633 18.6272 6.87424 18.4493 6.54921 18.217C5.90031 17.7533 5.03408 17.0687 4.16568 16.184C2.44283 14.4289 0.636121 11.8072 0.632947 8.50671C0.60962 7.52715 0.781998 6.55276 1.14002 5.64062C1.4991 4.72574 2.03768 3.892 2.72401 3.18852C3.41033 2.48503 4.23053 1.92604 5.13626 1.54447C6.04185 1.16296 7.01507 0.966549 7.99774 0.966797L7.99731 2.3668L7.99736 5.13342C7.99798 5.13342 7.99894 5.13342 7.99956 5.13342C9.76687 5.13342 11.1996 6.56611 11.1996 8.33342C11.1996 10.1007 9.76687 11.5334 7.99956 11.5334C7.99891 11.5334 7.99809 11.5334 7.99744 11.5334ZM5.67978 2.83466C6.41333 2.52563 7.20132 2.36655 7.99731 2.3668L7.99736 5.13342C6.23106 5.13461 4.79956 6.56685 4.79956 8.33342C4.79956 10.1 6.2311 11.5323 7.99744 11.5334L7.99753 17.5081C7.83283 17.4027 7.61623 17.2588 7.36316 17.0779C6.76245 16.6487 5.96253 16.016 5.16478 15.2033C3.55687 13.5652 2.03294 11.2749 2.03294 8.49799L2.03272 8.48049C2.01282 7.68476 2.1524 6.89308 2.44323 6.15213C2.73405 5.41117 3.17024 4.73592 3.7261 4.16617C4.28196 3.59642 4.94623 3.14369 5.67978 2.83466ZM7.99763 10.1334C7.99827 10.1334 7.99892 10.1334 7.99956 10.1334C8.99367 10.1334 9.79956 9.32754 9.79956 8.33342C9.79956 7.33931 8.99367 6.53342 7.99956 6.53342C7.99893 6.53342 7.9983 6.53342 7.99767 6.53342L7.99763 10.1334ZM7.99767 6.53342C7.00457 6.5346 6.19956 7.34004 6.19956 8.33342C6.19956 9.32682 7.0045 10.1323 7.99763 10.1334L7.99767 6.53342Z" fill="black"></path><path d="M7.99753 18.3283L7.65385 18.9381C7.86694 19.0579 8.12762 19.0582 8.34071 18.9384L7.99753 18.3283Z" fill="black"></path></svg><p>Konum Seç</p></div><div class="SSRModal_ssrModalHide__bWlGI SSRModal_isLocation__2RkPs"><div><div class="LocationHomePage_container__2NOv8"><h5>Konumunu Seç</h5><span>Mahallendeki marketlerin fiyatlarını görmek için konumunu seçmelisin.</span><div class="LocationHomePage_searchWrapper__21kph"><div class="LocationInput_container__1FE9o"><div class="LocationInput_iconWrapper__2EN_i"><svg width="20" height="20" viewBox="0 0 16 20" fill="none" xmlns="http://www.w3.org/2000/svg"><path fill-rule="evenodd" clip-rule="evenodd" d="M7.99744 11.5334L7.99753 17.5081C8.16222 17.4027 8.37882 17.2588 8.63189 17.0779C9.2326 16.6487 10.0325 16.016 10.8303 15.2033C12.4382 13.5652 13.9621 11.2749 13.9621 8.49799L13.9623 8.48049C13.9822 7.68476 13.8427 6.89308 13.5518 6.15213C13.261 5.41117 12.8248 4.73592 12.2689 4.16617C11.7131 3.59642 11.0488 3.14369 10.3153 2.83466C9.58172 2.52563 8.79329 2.36655 7.99731 2.3668L7.99774 0.966797C8.98042 0.966549 9.9532 1.16296 10.8588 1.54447C11.7645 1.92604 12.5847 2.48503 13.271 3.18852C13.9574 3.892 14.4959 4.72574 14.855 5.64062C15.213 6.55275 15.3854 7.52713 15.3621 8.50668C15.3589 11.8071 13.5522 14.4289 11.8294 16.184C10.961 17.0687 10.0947 17.7533 9.44585 18.217C9.12081 18.4493 8.84873 18.6272 8.65604 18.7482C8.55965 18.8087 8.483 18.855 8.42938 18.8868C8.40256 18.9027 8.3815 18.915 8.36658 18.9236L8.34888 18.9337L8.34358 18.9367L8.34184 18.9377C8.34158 18.9379 8.34071 18.9384 7.99753 18.3283C7.65434 18.9384 7.65411 18.9382 7.65385 18.9381L7.65147 18.9367L7.64617 18.9337L7.62847 18.9236C7.61356 18.915 7.59249 18.9027 7.56567 18.8868C7.51205 18.855 7.4354 18.8087 7.33902 18.7482C7.14633 18.6272 6.87424 18.4493 6.54921 18.217C5.90031 17.7533 5.03408 17.0687 4.16568 16.184C2.44283 14.4289 0.636121 11.8072 0.632947 8.50671C0.60962 7.52715 0.781998 6.55276 1.14002 5.64062C1.4991 4.72574 2.03768 3.892 2.72401 3.18852C3.41033 2.48503 4.23053 1.92604 5.13626 1.54447C6.04185 1.16296 7.01507 0.966549 7.99774 0.966797L7.99731 2.3668L7.99736 5.13342C7.99798 5.13342 7.99894 5.13342 7.99956 5.13342C9.76687 5.13342 11.1996 6.56611 11.1996 8.33342C11.1996 10.1007 9.76687 11.5334 7.99956 11.5334C7.99891 11.5334 7.99809 11.5334 7.99744 11.5334ZM5.67978 2.83466C6.41333 2.52563 7.20132 2.36655 7.99731 2.3668L7.99736 5.13342C6.23106 5.13461 4.79956 6.56685 4.79956 8.33342C4.79956 10.1 6.2311 11.5323 7.99744 11.5334L7.99753 17.5081C7.83283 17.4027 7.61623 17.2588 7.36316 17.0779C6.76245 16.6487 5.96253 16.016 5.16478 15.2033C3.55687 13.5652 2.03294 11.2749 2.03294 8.49799L2.03272 8.48049C2.01282 7.68476 2.1524 6.89308 2.44323 6.15213C2.73405 5.41117 3.17024 4.73592 3.7261 4.16617C4.28196 3.59642 4.94623 3.14369 5.67978 2.83466ZM7.99763 10.1334C7.99827 10.1334 7.99892 10.1334 7.99956 10.1334C8.99367 10.1334 9.79956 9.32754 9.79956 8.33342C9.79956 7.33931 8.99367 6.53342 7.99956 6.53342C7.99893 6.53342 7.9983 6.53342 7.99767 6.53342L7.99763 10.1334ZM7.99767 6.53342C7.00457 6.5346 6.19956 7.34004 6.19956 8.33342C6.19956 9.32682 7.0045 10.1323 7.99763 10.1334L7.99767 6.53342Z" fill="#13161a"></path><path d="M7.99753 18.3283L7.65385 18.9381C7.86694 19.0579 8.12762 19.0582 8.34071 18.9384L7.99753 18.3283Z" fill="#13161a"></path></svg></div><input value=""/></div></div><div class="LocationHomePage_informationDetail__29Wvs"><p class="LocationHomePage_info__2S53X">Adresine ait sokak, cadde bilgilerini arayabilirsin.</p></div></div></div></div><div class="Header_bucketWrapper__1smVb"><div class="Basket_container__n8ZtV"><span class="Basket_basket__2vBiT"><svg width="20" height="20" viewBox="0 0 19 21" fill="none" xmlns="http://www.w3.org/2000/svg"><path d="M13.4583 8.66667C13.4583 9.68333 13.0545 10.6584 12.3356 11.3772C11.6167 12.0961 10.6417 12.5 9.625 12.5C8.60834 12.5 7.63331 12.0961 6.91442 11.3772C6.19553 10.6584 5.79167 9.68333 5.79167 8.66667M3.875 1L1 4.83333V18.25C1 19.3042 1.8625 20.1667 2.91667 20.1667H16.3333C16.8417 20.1667 17.3292 19.9647 17.6886 19.6053C18.0481 19.2458 18.25 18.7583 18.25 18.25V4.83333L15.375 1H3.875ZM1.76667 4.83333H17.4833H1.76667Z" stroke="black" stroke-width="1.4" stroke-linecap="round" stroke-linejoin="round"></path></svg><div class="Basket_count__D9bLm">0</div></span><p>Listem</p></div></div></div></div></div></div><div class="Header_headerMenusWrapper__2Djjs"><div class="Header_headerMenus__2vRK8"><div class="Container_container__31UmU Container_isDesktopDevice__xMxHj"><nav><ul class="Header_menu__2mag8"><li class="Header_menuItem__9hDeN"><h3 class="Header_menuItem__9hDeN Header_menuItemTitle__29jNJ"><a href="/market/gida">Gıda<svg width="12" height="12" viewBox="0 0 12 7" fill="none" xmlns="http://www.w3.org/2000/svg"><path d="M5.99999 7C5.77525 6.99987 5.5601 6.90899 5.40335 6.748L0.231037 1.39345C0.0823202 1.24077 -0.000621841 1.03591 3.77873e-06 0.822801C0.000267956 0.59863 0.0919819 0.384265 0.253953 0.22924C0.584329 -0.085128 1.10631 -0.0749088 1.42412 0.25215L5.99999 4.98814L10.5759 0.25215C10.8937 -0.0749084 11.4157 -0.0851276 11.746 0.229241C11.9042 0.380205 11.9955 0.588017 11.9998 0.806579C12.0041 1.02514 11.921 1.23639 11.7689 1.39345L6.59643 6.748C6.43972 6.90894 6.22465 6.99981 5.99999 7Z" fill="#929da6"></path></svg></a></h3><div class="Header_submenu__ZtPZF"><div class="Header_submenuMainItem__2av9V"><a href="/market/gida">Gıda<svg width="14" height="14" viewBox="0 0 7 12" fill="none" xmlns="http://www.w3.org/2000/svg"><path d="M7 6.00001C6.99987 6.22475 6.90899 6.4399 6.748 6.59665L1.39345 11.769C1.24077 11.9177 1.03591 12.0006 0.822802 12C0.598631 11.9997 0.384266 11.908 0.229241 11.746C-0.0851275 11.4157 -0.0749083 10.8937 0.25215 10.5759L4.98814 6.00001L0.25215 1.42414C-0.0749083 1.10633 -0.0851275 0.584348 0.229241 0.253972C0.380205 0.0958206 0.588017 0.00446116 0.806579 0.000159073C1.02514 -0.00414301 1.23639 0.0789679 1.39345 0.231056L6.748 5.40357C6.90894 5.56028 6.99981 5.77535 7 6.00001Z" fill="#3ab424"></path></svg></a></div><ul style="flex-direction:row;flex-basis:100%;flex-wrap:initial;max-height:initial;justify-content:space-between" class="Header_submenuList__2SMY0"><li class="Header_submenuChildMainItem__3qeSs"><a href="/market/tuz-seker-baharat">Tuz, Şeker, Baharat<svg width="12" height="12" viewBox="0 0 7 12" fill="none" xmlns="http://www.w3.org/2000/svg"><path d="M7 6.00001C6.99987 6.22475 6.90899 6.4399 6.748 6.59665L1.39345 11.769C1.24077 11.9177 1.03591 12.0006 0.822802 12C0.598631 11.9997 0.384266 11.908 0.229241 11.746C-0.0851275 11.4157 -0.0749083 10.8937 0.25215 10.5759L4.98814 6.00001L0.25215 1.42414C-0.0749083 1.10633 -0.0851275 0.584348 0.229241 0.253972C0.380205 0.0958206 0.588017 0.00446116 0.806579 0.000159073C1.02514 -0.00414301 1.23639 0.0789679 1.39345 0.231056L6.748 5.40357C6.90894 5.56028 6.99981 5.77535 7 6.00001Z" fill="#929da6"></path></svg></a><ul><li class="Header_submenuTopItem__1SOnW"><a href="/market/baharat">Baharat</a></li><li class="Header_submenuTopItem__1SOnW"><a href="/market/tuz">Tuz</a></li><li class="Header_submenuTopItem__1SOnW"><a href="/market/toz-ve-kup-seker">Toz ve Küp Şeker</a></li><li class="Header_submenuTopItem__1SOnW"><a href="/market/hazir-corba-ve-bulyon">Hazır Çorba ve Bulyon</a></li></ul></li><li class="Header_submenuChildMainItem__3qeSs"><a href="/market/konserve-sos-hazir-yemek">Konserve, Sos, Hazır Yemek<svg width="12" height="12" viewBox="0 0 7 12" fill="none" xmlns="http://www.w3.org/2000/svg"><path d="M7 6.00001C6.99987 6.22475 6.90899 6.4399 6.748 6.59665L1.39345 11.769C1.24077 11.9177 1.03591 12.0006 0.822802 12C0.598631 11.9997 0.384266 11.908 0.229241 11.746C-0.0851275 11.4157 -0.0749083 10.8937 0.25215 10.5759L4.98814 6.00001L0.25215 1.42414C-0.0749083 1.10633 -0.0851275 0.584348 0.229241 0.253972C0.380205 0.0958206 0.588017 0.00446116 0.806579 0.000159073C1.02514 -0.00414301 1.23639 0.0789679 1.39345 0.231056L6.748 5.40357C6.90894 5.56028 6.99981 5.77535 7 6.00001Z" fill="#929da6"></path></svg></a><ul><li class="Header_submenuTopItem__1SOnW"><a href="/market/konserve">Konserve</a></li><li class="Header_submenuTopItem__1SOnW"><a href="/market/sos">Sos</a></li><li class="Header_submenuTopItem__1SOnW"><a href="/market/hazir-yemekler">Hazır Yemekler</a></li><li class="Header_submenuTopItem__1SOnW"><a href="/market/dondurulmus-gida">Dondurulmuş Gıda</a></li><li class="Header_submenuTopItem__1SOnW"><a href="/market/kuru-sebze">Kuru Sebze</a></li></ul></li><li class="Header_submenuChildMainItem__3qeSs"><a href="/market/atistirmalik">Atıştırmalık<svg width="12" height="12" viewBox="0 0 7 12" fill="none" xmlns="http://www.w3.org/2000/svg"><path d="M7 6.00001C6.99987 6.22475 6.90899 6.4399 6.748 6.59665L1.39345 11.769C1.24077 11.9177 1.03591 12.0006 0.822802 12C0.598631 11.9997 0.384266 11.908 0.229241 11.746C-0.0851275 11.4157 -0.0749083 10.8937 0.25215 10.5759L4.98814 6.00001L0.25215 1.42414C-0.0749083 1.10633 -0.0851275 0.584348 0.229241 0.253972C0.380205 0.0958206 0.588017 0.00446116 0.806579 0.000159073C1.02514 -0.00414301 1.23639 0.0789679 1.39345 0.231056L6.748 5.40357C6.90894 5.56028 6.99981 5.77535 7 6.00001Z" fill="#929da6"></path></svg></a><ul><li class="Header_submenuTopItem__1SOnW"><a href="/market/dondurma">Dondurma</a></li><li class="Header_submenuTopItem__1SOnW"><a href="/market/cips">Cips</a></li><li class="Header_submenuTopItem__1SOnW"><a href="/market/tatli-ve-pasta">Tatlı ve Pasta</a></li><li class="Header_submenuTopItem__1SOnW"><a href="/market/cikolata-ve-gofret">Çikolata ve Gofret</a></li><li class="Header_submenuTopItem__1SOnW"><a href="/market/kuruyemis">Kuruyemiş</a></li><li class="Header_submenuTopItem__1SOnW"><a href="/market/biskuvi-ve-kek">Bisküvi ve Kek</a></li><li class="Header_submenuTopItem__1SOnW"><a href="/market/kraker-ve-kurabiye">Kraker ve Kurabiye</a></li><li class="Header_submenuTopItem__1SOnW"><a href="/market/sekerleme-sakiz">Şekerleme Sakız</a></li></ul></li><li class="Header_submenuChildMainItem__3qeSs"><a href="/market/fit-form">Fit &amp; Form<svg width="12" height="12" viewBox="0 0 7 12" fill="none" xmlns="http://www.w3.org/2000/svg"><path d="M7 6.00001C6.99987 6.22475 6.90899 6.4399 6.748 6.59665L1.39345 11.769C1.24077 11.9177 1.03591 12.0006 0.822802 12C0.598631 11.9997 0.384266 11.908 0.229241 11.746C-0.0851275 11.4157 -0.0749083 10.8937 0.25215 10.5759L4.98814 6.00001L0.25215 1.42414C-0.0749083 1.10633 -0.0851275 0.584348 0.229241 0.253972C0.380205 0.0958206 0.588017 0.00446116 0.806579 0.000159073C1.02514 -0.00414301 1.23639 0.0789679 1.39345 0.231056L6.748 5.40357C6.90894 5.56028 6.99981 5.77535 7 6.00001Z" fill="#929da6"></path></svg></a><ul><li class="Header_submenuTopItem__1SOnW"><a href="/market/granola-ve-bar">Granola ve Bar</a></li><li class="Header_submenuTopItem__1SOnW"><a href="/market/kuru-meyve">Kuru Meyve</a></li></ul></li><li class="Header_submenuChildMainItem__3qeSs"><a href="/market/temel-gida">Temel Gıda<svg width="12" height="12" viewBox="0 0 7 12" fill="none" xmlns="http://www.w3.org/2000/svg"><path d="M7 6.00001C6.99987 6.22475 6.90899 6.4399 6.748 6.59665L1.39345 11.769C1.24077 11.9177 1.03591 12.0006 0.822802 12C0.598631 11.9997 0.384266 11.908 0.229241 11.746C-0.0851275 11.4157 -0.0749083 10.8937 0.25215 10.5759L4.98814 6.00001L0.25215 1.42414C-0.0749083 1.10633 -0.0851275 0.584348 0.229241 0.253972C0.380205 0.0958206 0.588017 0.00446116 0.806579 0.000159073C1.02514 -0.00414301 1.23639 0.0789679 1.39345 0.231056L6.748 5.40357C6.90894 5.56028 6.99981 5.77535 7 6.00001Z" fill="#929da6"></path></svg></a><ul><li class="Header_submenuTopItem__1SOnW"><a href="/market/un-ve-irmik">Un ve İrmik</a></li><li class="Header_submenuTopItem__1SOnW"><a href="/market/bakliyat">Bakliyat</a></li><li class="Header_submenuTopItem__1SOnW"><a href="/market/makarnalar">Makarnalar</a></li><li class="Header_submenuTopItem__1SOnW"><a href="/market/unlu-mamuller">Unlu Mamüller</a></li><li class="Header_submenuTopItem__1SOnW"><a href="/market/sivi-yag-ve-zeytinyagi">Sıvı Yağ ve Zeytinyağı</a></li><li class="Header_submenuTopItem__1SOnW"><a href="/market/ramazan-paketi">Ramazan Paketi</a></li><li class="Header_submenuTopItem__1SOnW"><a href="/market/tatli-ve-pasta-malzemeleri">Tatlı ve Pasta Malzemeleri</a></li><li class="Header_submenuTopItem__1SOnW"><a href="/market/bitkisel-yaglar">Bitkisel Yağlar</a></li></ul></li></ul></div></li><li class="Header_menuItem__9hDeN"><h3 class="Header_menuItem__9hDeN Header_menuItemTitle__29jNJ"><a href="/market/sut-ve-kahvaltilik">Süt ve Kahvaltılık<svg width="12" height="12" viewBox="0 0 12 7" fill="none" xmlns="http://www.w3.org/2000/svg"><path d="M5.99999 7C5.77525 6.99987 5.5601 6.90899 5.40335 6.748L0.231037 1.39345C0.0823202 1.24077 -0.000621841 1.03591 3.77873e-06 0.822801C0.000267956 0.59863 0.0919819 0.384265 0.253953 0.22924C0.584329 -0.085128 1.10631 -0.0749088 1.42412 0.25215L5.99999 4.98814L10.5759 0.25215C10.8937 -0.0749084 11.4157 -0.0851276 11.746 0.229241C11.9042 0.380205 11.9955 0.588017 11.9998 0.806579C12.0041 1.02514 11.921 1.23639 11.7689 1.39345L6.59643 6.748C6.43972 6.90894 6.22465 6.99981 5.99999 7Z" fill="#929da6"></path></svg></a></h3><div class="Header_submenu__ZtPZF"><div class="Header_submenuMainItem__2av9V"><a href="/market/sut-ve-kahvaltilik">Süt ve Kahvaltılık<svg width="14" height="14" viewBox="0 0 7 12" fill="none" xmlns="http://www.w3.org/2000/svg"><path d="M7 6.00001C6.99987 6.22475 6.90899 6.4399 6.748 6.59665L1.39345 11.769C1.24077 11.9177 1.03591 12.0006 0.822802 12C0.598631 11.9997 0.384266 11.908 0.229241 11.746C-0.0851275 11.4157 -0.0749083 10.8937 0.25215 10.5759L4.98814 6.00001L0.25215 1.42414C-0.0749083 1.10633 -0.0851275 0.584348 0.229241 0.253972C0.380205 0.0958206 0.588017 0.00446116 0.806579 0.000159073C1.02514 -0.00414301 1.23639 0.0789679 1.39345 0.231056L6.748 5.40357C6.90894 5.56028 6.99981 5.77535 7 6.00001Z" fill="#3ab424"></path></svg></a></div><ul style="flex-direction:column;flex-basis:35%;flex-wrap:wrap;max-height:230px;justify-content:flex-start" class="Header_submenuList__2SMY0"><li class="Header_submenuTopItem__1SOnW"><a href="/market/bal-ve-recel">Bal ve Reçel</a></li><li class="Header_submenuTopItem__1SOnW"><a href="/market/tahin-pekmez-ve-helva">Tahin Pekmez ve Helva</a></li><li class="Header_submenuTopItem__1SOnW"><a href="/market/kahvaltilik-gevrek">Kahvaltılık Gevrek</a></li><li class="Header_submenuTopItem__1SOnW"><a href="/market/zeytin">Zeytin</a></li><li class="Header_submenuTopItem__1SOnW"><a href="/market/yumurta">Yumurta</a></li><li class="Header_submenuTopItem__1SOnW"><a href="/market/surulebilir">Sürülebilir</a></li><li class="Header_submenuTopItem__1SOnW"><a href="/market/tereyag-ve-margarin">Tereyağ ve Margarin</a></li><li class="Header_submenuTopItem__1SOnW"><a href="/market/sut">Süt</a></li><li class="Header_submenuTopItem__1SOnW"><a href="/market/kaymak">Kaymak</a></li><li class="Header_submenuTopItem__1SOnW"><a href="/market/yogurt">Yoğurt</a></li><li class="Header_submenuTopItem__1SOnW"><a href="/market/peynir">Peynir</a></li></ul></div></li><li class="Header_menuItem__9hDeN"><h3 class="Header_menuItem__9hDeN Header_menuItemTitle__29jNJ"><a href="/market/meyve-ve-sebze">Meyve ve Sebze<svg width="12" height="12" viewBox="0 0 12 7" fill="none" xmlns="http://www.w3.org/2000/svg"><path d="M5.99999 7C5.77525 6.99987 5.5601 6.90899 5.40335 6.748L0.231037 1.39345C0.0823202 1.24077 -0.000621841 1.03591 3.77873e-06 0.822801C0.000267956 0.59863 0.0919819 0.384265 0.253953 0.22924C0.584329 -0.085128 1.10631 -0.0749088 1.42412 0.25215L5.99999 4.98814L10.5759 0.25215C10.8937 -0.0749084 11.4157 -0.0851276 11.746 0.229241C11.9042 0.380205 11.9955 0.588017 11.9998 0.806579C12.0041 1.02514 11.921 1.23639 11.7689 1.39345L6.59643 6.748C6.43972 6.90894 6.22465 6.99981 5.99999 7Z" fill="#929da6"></path></svg></a></h3><div class="Header_submenu__ZtPZF"><div class="Header_submenuMainItem__2av9V"><a href="/market/meyve-ve-sebze">Meyve ve Sebze<svg width="14" height="14" viewBox="0 0 7 12" fill="none" xmlns="http://www.w3.org/2000/svg"><path d="M7 6.00001C6.99987 6.22475 6.90899 6.4399 6.748 6.59665L1.39345 11.769C1.24077 11.9177 1.03591 12.0006 0.822802 12C0.598631 11.9997 0.384266 11.908 0.229241 11.746C-0.0851275 11.4157 -0.0749083 10.8937 0.25215 10.5759L4.98814 6.00001L0.25215 1.42414C-0.0749083 1.10633 -0.0851275 0.584348 0.229241 0.253972C0.380205 0.0958206 0.588017 0.00446116 0.806579 0.000159073C1.02514 -0.00414301 1.23639 0.0789679 1.39345 0.231056L6.748 5.40357C6.90894 5.56028 6.99981 5.77535 7 6.00001Z" fill="#3ab424"></path></svg></a></div><ul style="flex-direction:column;flex-basis:35%;flex-wrap:wrap;max-height:230px;justify-content:flex-start" class="Header_submenuList__2SMY0"><li class="Header_submenuTopItem__1SOnW"><a href="/market/meyve">Meyve</a></li><li class="Header_submenuTopItem__1SOnW"><a href="/market/sebze">Sebze</a></li></ul></div></li><li class="Header_menuItem__9hDeN"><h3 class="Header_menuItem__9hDeN Header_menuItemTitle__29jNJ"><a href="/market/icecek">İçecek<svg width="12" height="12" viewBox="0 0 12 7" fill="none" xmlns="http://www.w3.org/2000/svg"><path d="M5.99999 7C5.77525 6.99987 5.5601 6.90899 5.40335 6.748L0.231037 1.39345C0.0823202 1.24077 -0.000621841 1.03591 3.77873e-06 0.822801C0.000267956 0.59863 0.0919819 0.384265 0.253953 0.22924C0.584329 -0.085128 1.10631 -0.0749088 1.42412 0.25215L5.99999 4.98814L10.5759 0.25215C10.8937 -0.0749084 11.4157 -0.0851276 11.746 0.229241C11.9042 0.380205 11.9955 0.588017 11.9998 0.806579C12.0041 1.02514 11.921 1.23639 11.7689 1.39345L6.59643 6.748C6.43972 6.90894 6.22465 6.99981 5.99999 7Z" fill="#929da6"></path></svg></a></h3><div class="Header_submenu__ZtPZF"><div class="Header_submenuMainItem__2av9V"><a href="/market/icecek">İçecek<svg width="14" height="14" viewBox="0 0 7 12" fill="none" xmlns="http://www.w3.org/2000/svg"><path d="M7 6.00001C6.99987 6.22475 6.90899 6.4399 6.748 6.59665L1.39345 11.769C1.24077 11.9177 1.03591 12.0006 0.822802 12C0.598631 11.9997 0.384266 11.908 0.229241 11.746C-0.0851275 11.4157 -0.0749083 10.8937 0.25215 10.5759L4.98814 6.00001L0.25215 1.42414C-0.0749083 1.10633 -0.0851275 0.584348 0.229241 0.253972C0.380205 0.0958206 0.588017 0.00446116 0.806579 0.000159073C1.02514 -0.00414301 1.23639 0.0789679 1.39345 0.231056L6.748 5.40357C6.90894 5.56028 6.99981 5.77535 7 6.00001Z" fill="#3ab424"></path></svg></a></div><ul style="flex-direction:column;flex-basis:35%;flex-wrap:wrap;max-height:230px;justify-content:flex-start" class="Header_submenuList__2SMY0"><li class="Header_submenuTopItem__1SOnW"><a href="/market/cay">Çay</a></li><li class="Header_submenuTopItem__1SOnW"><a href="/market/kahve">Kahve</a></li><li class="Header_submenuTopItem__1SOnW"><a href="/market/sicak-toz-icecek">Sıcak Toz İçecek</a></li><li class="Header_submenuTopItem__1SOnW"><a href="/market/gazli-icecek">Gazlı İçecek</a></li><li class="Header_submenuTopItem__1SOnW"><a href="/market/limonata-ve-meyve-suyu">Limonata ve Meyve Suyu</a></li><li class="Header_submenuTopItem__1SOnW"><a href="/market/maden-suyu-ve-soda">Maden Suyu ve Soda</a></li><li class="Header_submenuTopItem__1SOnW"><a href="/market/soguk-toz-icecekler">Soğuk Toz İçecekler</a></li><li class="Header_submenuTopItem__1SOnW"><a href="/market/soguk-kahveler">Soğuk Kahveler</a></li><li class="Header_submenuTopItem__1SOnW"><a href="/market/ayran">Ayran</a></li><li class="Header_submenuTopItem__1SOnW"><a href="/market/su">Su</a></li><li class="Header_submenuTopItem__1SOnW"><a href="/market/geleneksel-icecekler">Geleneksel İçecekler</a></li></ul></div></li><li class="Header_menuItem__9hDeN"><h3 class="Header_menuItem__9hDeN Header_menuItemTitle__29jNJ"><a href="/market/et-tavuk-ve-balik">Et, Tavuk ve Balık<svg width="12" height="12" viewBox="0 0 12 7" fill="none" xmlns="http://www.w3.org/2000/svg"><path d="M5.99999 7C5.77525 6.99987 5.5601 6.90899 5.40335 6.748L0.231037 1.39345C0.0823202 1.24077 -0.000621841 1.03591 3.77873e-06 0.822801C0.000267956 0.59863 0.0919819 0.384265 0.253953 0.22924C0.584329 -0.085128 1.10631 -0.0749088 1.42412 0.25215L5.99999 4.98814L10.5759 0.25215C10.8937 -0.0749084 11.4157 -0.0851276 11.746 0.229241C11.9042 0.380205 11.9955 0.588017 11.9998 0.806579C12.0041 1.02514 11.921 1.23639 11.7689 1.39345L6.59643 6.748C6.43972 6.90894 6.22465 6.99981 5.99999 7Z" fill="#929da6"></path></svg></a></h3><div class="Header_submenu__ZtPZF"><div class="Header_submenuMainItem__2av9V"><a href="/market/et-tavuk-ve-balik">Et, Tavuk ve Balık<svg width="14" height="14" viewBox="0 0 7 12" fill="none" xmlns="http://www.w3.org/2000/svg"><path d="M7 6.00001C6.99987 6.22475 6.90899 6.4399 6.748 6.59665L1.39345 11.769C1.24077 11.9177 1.03591 12.0006 0.822802 12C0.598631 11.9997 0.384266 11.908 0.229241 11.746C-0.0851275 11.4157 -0.0749083 10.8937 0.25215 10.5759L4.98814 6.00001L0.25215 1.42414C-0.0749083 1.10633 -0.0851275 0.584348 0.229241 0.253972C0.380205 0.0958206 0.588017 0.00446116 0.806579 0.000159073C1.02514 -0.00414301 1.23639 0.0789679 1.39345 0.231056L6.748 5.40357C6.90894 5.56028 6.99981 5.77535 7 6.00001Z" fill="#3ab424"></path></svg></a></div><ul style="flex-direction:column;flex-basis:35%;flex-wrap:wrap;max-height:230px;justify-content:flex-start" class="Header_submenuList__2SMY0"><li class="Header_submenuTopItem__1SOnW"><a href="/market/kirmizi-et">Kırmızı Et</a></li><li class="Header_submenuTopItem__1SOnW"><a href="/market/beyaz-et">Beyaz Et</a></li><li class="Header_submenuTopItem__1SOnW"><a href="/market/deniz-urunu">Deniz Ürünü</a></li><li class="Header_submenuTopItem__1SOnW"><a href="/market/sarkuteri">Şarküteri</a></li></ul></div></li><li class="Header_menuItem__9hDeN"><h3 class="Header_menuItem__9hDeN Header_menuItemTitle__29jNJ"><a href="/market/deterjan-ve-temizlik-urunleri">Deterjan ve Temizlik Ürünleri<svg width="12" height="12" viewBox="0 0 12 7" fill="none" xmlns="http://www.w3.org/2000/svg"><path d="M5.99999 7C5.77525 6.99987 5.5601 6.90899 5.40335 6.748L0.231037 1.39345C0.0823202 1.24077 -0.000621841 1.03591 3.77873e-06 0.822801C0.000267956 0.59863 0.0919819 0.384265 0.253953 0.22924C0.584329 -0.085128 1.10631 -0.0749088 1.42412 0.25215L5.99999 4.98814L10.5759 0.25215C10.8937 -0.0749084 11.4157 -0.0851276 11.746 0.229241C11.9042 0.380205 11.9955 0.588017 11.9998 0.806579C12.0041 1.02514 11.921 1.23639 11.7689 1.39345L6.59643 6.748C6.43972 6.90894 6.22465 6.99981 5.99999 7Z" fill="#929da6"></path></svg></a></h3><div class="Header_submenu__ZtPZF"><div class="Header_submenuMainItem__2av9V"><a href="/market/deterjan-ve-temizlik-urunleri">Deterjan ve Temizlik Ürünleri<svg width="14" height="14" viewBox="0 0 7 12" fill="none" xmlns="http://www.w3.org/2000/svg"><path d="M7 6.00001C6.99987 6.22475 6.90899 6.4399 6.748 6.59665L1.39345 11.769C1.24077 11.9177 1.03591 12.0006 0.822802 12C0.598631 11.9997 0.384266 11.908 0.229241 11.746C-0.0851275 11.4157 -0.0749083 10.8937 0.25215 10.5759L4.98814 6.00001L0.25215 1.42414C-0.0749083 1.10633 -0.0851275 0.584348 0.229241 0.253972C0.380205 0.0958206 0.588017 0.00446116 0.806579 0.000159073C1.02514 -0.00414301 1.23639 0.0789679 1.39345 0.231056L6.748 5.40357C6.90894 5.56028 6.99981 5.77535 7 6.00001Z" fill="#3ab424"></path></svg></a></div><ul style="flex-direction:row;flex-basis:100%;flex-wrap:initial;max-height:initial;justify-content:space-between" class="Header_submenuList__2SMY0"><li class="Header_submenuChildMainItem__3qeSs"><a href="/market/ev-temizligi">Ev Temizliği<svg width="12" height="12" viewBox="0 0 7 12" fill="none" xmlns="http://www.w3.org/2000/svg"><path d="M7 6.00001C6.99987 6.22475 6.90899 6.4399 6.748 6.59665L1.39345 11.769C1.24077 11.9177 1.03591 12.0006 0.822802 12C0.598631 11.9997 0.384266 11.908 0.229241 11.746C-0.0851275 11.4157 -0.0749083 10.8937 0.25215 10.5759L4.98814 6.00001L0.25215 1.42414C-0.0749083 1.10633 -0.0851275 0.584348 0.229241 0.253972C0.380205 0.0958206 0.588017 0.00446116 0.806579 0.000159073C1.02514 -0.00414301 1.23639 0.0789679 1.39345 0.231056L6.748 5.40357C6.90894 5.56028 6.99981 5.77535 7 6.00001Z" fill="#929da6"></path></svg></a><ul><li class="Header_submenuTopItem__1SOnW"><a href="/market/parlatici-ve-temizleyiciler">Parlatıcı ve Temizleyiciler</a></li><li class="Header_submenuTopItem__1SOnW"><a href="/market/temizlik-malzemeleri">Temizlik Malzemeleri</a></li><li class="Header_submenuTopItem__1SOnW"><a href="/market/oda-kokusu">Oda Kokusu</a></li><li class="Header_submenuTopItem__1SOnW"><a href="/market/hali-sampuani">Halı Şampuanı</a></li></ul></li><li class="Header_submenuChildMainItem__3qeSs"><a href="/market/camasir-yikama">Çamaşır Yıkama<svg width="12" height="12" viewBox="0 0 7 12" fill="none" xmlns="http://www.w3.org/2000/svg"><path d="M7 6.00001C6.99987 6.22475 6.90899 6.4399 6.748 6.59665L1.39345 11.769C1.24077 11.9177 1.03591 12.0006 0.822802 12C0.598631 11.9997 0.384266 11.908 0.229241 11.746C-0.0851275 11.4157 -0.0749083 10.8937 0.25215 10.5759L4.98814 6.00001L0.25215 1.42414C-0.0749083 1.10633 -0.0851275 0.584348 0.229241 0.253972C0.380205 0.0958206 0.588017 0.00446116 0.806579 0.000159073C1.02514 -0.00414301 1.23639 0.0789679 1.39345 0.231056L6.748 5.40357C6.90894 5.56028 6.99981 5.77535 7 6.00001Z" fill="#929da6"></path></svg></a><ul><li class="Header_submenuTopItem__1SOnW"><a href="/market/camasir-makinesi-urunleri">Çamaşır Makinesi Ürünleri</a></li><li class="Header_submenuTopItem__1SOnW"><a href="/market/camasir-deterjani">Çamaşır Deterjanı</a></li></ul></li><li class="Header_submenuChildMainItem__3qeSs"><a href="/market/bulasik-yikama">Bulaşık Yıkama<svg width="12" height="12" viewBox="0 0 7 12" fill="none" xmlns="http://www.w3.org/2000/svg"><path d="M7 6.00001C6.99987 6.22475 6.90899 6.4399 6.748 6.59665L1.39345 11.769C1.24077 11.9177 1.03591 12.0006 0.822802 12C0.598631 11.9997 0.384266 11.908 0.229241 11.746C-0.0851275 11.4157 -0.0749083 10.8937 0.25215 10.5759L4.98814 6.00001L0.25215 1.42414C-0.0749083 1.10633 -0.0851275 0.584348 0.229241 0.253972C0.380205 0.0958206 0.588017 0.00446116 0.806579 0.000159073C1.02514 -0.00414301 1.23639 0.0789679 1.39345 0.231056L6.748 5.40357C6.90894 5.56028 6.99981 5.77535 7 6.00001Z" fill="#929da6"></path></svg></a><ul><li class="Header_submenuTopItem__1SOnW"><a href="/market/bulasik-makinesi-deterjani">Bulaşık Makinesi Deterjanı</a></li><li class="Header_submenuTopItem__1SOnW"><a href="/market/bulasik-makinesi-tableti">Bulaşık Makinesi Tableti</a></li><li class="Header_submenuTopItem__1SOnW"><a href="/market/bulasik-deterjani">Bulaşık Deterjanı</a></li><li class="Header_submenuTopItem__1SOnW"><a href="/market/bulasik-makinesi-urunleri">Bulaşık Makinesi Ürünleri</a></li></ul></li><li class="Header_submenuChildMainItem__3qeSs"><a href="/market/kagit-urunleri">Kağıt Ürünleri<svg width="12" height="12" viewBox="0 0 7 12" fill="none" xmlns="http://www.w3.org/2000/svg"><path d="M7 6.00001C6.99987 6.22475 6.90899 6.4399 6.748 6.59665L1.39345 11.769C1.24077 11.9177 1.03591 12.0006 0.822802 12C0.598631 11.9997 0.384266 11.908 0.229241 11.746C-0.0851275 11.4157 -0.0749083 10.8937 0.25215 10.5759L4.98814 6.00001L0.25215 1.42414C-0.0749083 1.10633 -0.0851275 0.584348 0.229241 0.253972C0.380205 0.0958206 0.588017 0.00446116 0.806579 0.000159073C1.02514 -0.00414301 1.23639 0.0789679 1.39345 0.231056L6.748 5.40357C6.90894 5.56028 6.99981 5.77535 7 6.00001Z" fill="#929da6"></path></svg></a><ul><li class="Header_submenuTopItem__1SOnW"><a href="/market/kagit-mendil">Kağıt Mendil</a></li><li class="Header_submenuTopItem__1SOnW"><a href="/market/islak-mendil">Islak Mendil</a></li><li class="Header_submenuTopItem__1SOnW"><a href="/market/kagit-havlu">Kağıt Havlu</a></li><li class="Header_submenuTopItem__1SOnW"><a href="/market/pecete">Peçete</a></li><li class="Header_submenuTopItem__1SOnW"><a href="/market/tuvalet-kagidi">Tuvalet Kağıdı</a></li></ul></li><li class="Header_submenuChildMainItem__3qeSs"><a href="/market/mutfak-sarf-malzemeleri">Mutfak Sarf Malzemeleri<svg width="12" height="12" viewBox="0 0 7 12" fill="none" xmlns="http://www.w3.org/2000/svg"><path d="M7 6.00001C6.99987 6.22475 6.90899 6.4399 6.748 6.59665L1.39345 11.769C1.24077 11.9177 1.03591 12.0006 0.822802 12C0.598631 11.9997 0.384266 11.908 0.229241 11.746C-0.0851275 11.4157 -0.0749083 10.8937 0.25215 10.5759L4.98814 6.00001L0.25215 1.42414C-0.0749083 1.10633 -0.0851275 0.584348 0.229241 0.253972C0.380205 0.0958206 0.588017 0.00446116 0.806579 0.000159073C1.02514 -0.00414301 1.23639 0.0789679 1.39345 0.231056L6.748 5.40357C6.90894 5.56028 6.99981 5.77535 7 6.00001Z" fill="#929da6"></path></svg></a><ul><li class="Header_submenuTopItem__1SOnW"><a href="/market/aluminyum-folyo">Aluminyum Folyo</a></li><li class="Header_submenuTopItem__1SOnW"><a href="/market/strec-film">Streç Film</a></li><li class="Header_submenuTopItem__1SOnW"><a href="/market/buzdolabi-poseti">Buzdolabı Poşeti</a></li><li class="Header_submenuTopItem__1SOnW"><a href="/market/pisirme-kagidi">Pişirme Kağıdı</a></li><li class="Header_submenuTopItem__1SOnW"><a href="/market/firin-torbasi">Fırın Torbası</a></li><li class="Header_submenuTopItem__1SOnW"><a href="/market/cop-posetleri">Çöp Poşetleri</a></li></ul></li></ul></div></li></ul></nav></div></div></div><div><div class="MbOnly_mbOnly__2DyOz"></div><div class="layout_contentWrapper__6wjZX"><div class="Container_container__31UmU Container_isDesktopDevice__xMxHj" style="margin:0"><aside style="background:#fff;width:272px;float:left;border-right:1px solid #E0E7EF"><div class="Filter_container__1v3vU"><h1 class="Header_title__1DO4R">&quot;şeker&quot;</h1><h2 class="Header_description__3qw_B">&quot;şeker&quot; arama sonuçları</h2><div class="Header_count_info__2EVVh"> <!-- -->2398<!-- --> Ürün Listeleniyor</div></div><div class="Filter_container__1v3vU"><div class="Back_center__1OnEm"><a href="/market"><svg width="12" height="12" viewBox="0 0 7 12" fill="none" xmlns="http://www.w3.org/2000/svg" class="Back_icon__2l2Rm"><path d="M7 6.00001C6.99987 6.22475 6.90899 6.4399 6.748 6.59665L1.39345 11.769C1.24077 11.9177 1.03591 12.0006 0.822802 12C0.598631 11.9997 0.384266 11.908 0.229241 11.746C-0.0851275 11.4157 -0.0749083 10.8937 0.25215 10.5759L4.98814 6.00001L0.25215 1.42414C-0.0749083 1.10633 -0.0851275 0.584348 0.229241 0.253972C0.380205 0.0958206 0.588017 0.00446116 0.806579 0.000159073C1.02514 -0.00414301 1.23639 0.0789679 1.39345 0.231056L6.748 5.40357C6.90894 5.56028 6.99981 5.77535 7 6.00001Z" fill="#929da6"></path></svg><span class="Back_name__FwACY">Market Anasayfa</span></a></div></div><div class="Filter_container__1v3vU"><div class="Filter_filter_link__1lHlo"><a href="/market/sekerleme-sakiz?q=%C5%9Feker">Şekerleme Sakız<span class="TextGroup_category_count__2zH1_">1254</span></a></div><div class="Filter_filter_link__1lHlo"><a href="/market/tatli-ve-pasta-malzemeleri?q=%C5%9Feker">Tatlı ve Pasta Malzemeleri<span class="TextGroup_category_count__2zH1_">394</span></a></div><div class="Filter_filter_link__1lHlo"><a href="/market/toz-ve-kup-seker?q=%C5%9Feker">Toz ve Küp Şeker<span class="TextGroup_category_count__2zH1_">310</span></a></div><div class="Filter_filter_link__1lHlo"><a href="/market/bal-ve-recel?q=%C5%9Feker">Bal ve Reçel<span class="TextGroup_category_count__2zH1_">83</span></a></div><div class="Filter_filter_link__1lHlo"><a href="/market/baharat?q=%C5%9Feker">Baharat<span class="TextGroup_category_count__2zH1_">69</span></a></div><div class="Filter_filter_link__1lHlo"><a href="/market/kuruyemis?q=%C5%9Feker">Kuruyemiş<span class="TextGroup_category_count__2zH1_">50</span></a></div><div class="Filter_filter_link__1lHlo"><a href="/market/tahin-pekmez-ve-helva?q=%C5%9Feker">Tahin Pekmez ve Helva<span class="TextGroup_category_count__2zH1_">36</span></a></div><div class="Filter_filter_link__1lHlo"><a href="/market/bakliyat?q=%C5%9Feker">Bakliyat<span class="TextGroup_category_count__2zH1_">33</span></a></div><div class="Filter_filter_link__1lHlo"><a href="/market/cikolata-ve-gofret?q=%C5%9Feker">Çikolata ve Gofret<span class="TextGroup_category_count__2zH1_">32</span></a></div><div class="Filter_filter_link__1lHlo"><a href="/market/surulebilir?q=%C5%9Feker">Sürülebilir<span class="TextGroup_category_count__2zH1_">23</span></a></div><div class="Filter_filter_link__1lHlo"><a href="/market/sos?q=%C5%9Feker">Sos<span class="TextGroup_category_count__2zH1_">19</span></a></div><div class="Filter_filter_link__1lHlo"><a href="/market/cay?q=%C5%9Feker">Çay<span class="TextGroup_category_count__2zH1_">16</span></a></div><div class="Filter_filter_link__1lHlo"><a href="/market/tatli-ve-pasta?q=%C5%9Feker">Tatlı ve Pasta<span class="TextGroup_category_count__2zH1_">15</span></a></div><div class="Filter_filter_link__1lHlo"><a href="/market/granola-ve-bar?q=%C5%9Feker">Granola ve Bar<span class="TextGroup_category_count__2zH1_">14</span></a></div><div class="Filter_filter_link__1lHlo"><a href="/market/kuru-meyve?q=%C5%9Feker">Kuru Meyve<span class="TextGroup_category_count__2zH1_">5</span></a></div><div class="Filter_filter_link__1lHlo"><a href="/market/parlatici-ve-temizleyiciler?q=%C5%9Feker">Parlatıcı ve Temizleyiciler<span class="TextGroup_category_count__2zH1_">5</span></a></div><div class="Filter_filter_link__1lHlo"><a href="/market/sut?q=%C5%9Feker">Süt<span class="TextGroup_category_count__2zH1_">4</span></a></div><div class="Filter_filter_link__1lHlo"><a href="/market/kahve?q=%C5%9Feker">Kahve<span class="TextGroup_category_count__2zH1_">4</span></a></div><div class="Filter_filter_link__1lHlo"><a href="/market/limonata-ve-meyve-suyu?q=%C5%9Feker">Limonata ve Meyve suyu<span class="TextGroup_category_count__2zH1_">4</span></a></div><div class="Filter_filter_link__1lHlo"><a href="/market/oda-kokusu?q=%C5%9Feker">Oda Kokusu<span class="TextGroup_category_count__2zH1_">4</span></a></div><div class="Filter_filter_link__1lHlo"><a href="/market/un-ve-irmik?q=%C5%9Feker">Un ve İrmik<span class="TextGroup_category_count__2zH1_">3</span></a></div><div class="Filter_filter_link__1lHlo"><a href="/market/bitkisel-yaglar?q=%C5%9Feker">Bitkisel Yağlar<span class="TextGroup_category_count__2zH1_">3</span></a></div><div class="Filter_filter_link__1lHlo"><a href="/market/kahvaltilik-gevrek?q=%C5%9Feker">Kahvaltılık Gevrek<span class="TextGroup_category_count__2zH1_">2</span></a></div><div class="Filter_filter_link__1lHlo"><a href="/market/gazli-icecek?q=%C5%9Feker">Gazlı İçecek<span class="TextGroup_category_count__2zH1_">2</span></a></div><div class="Filter_filter_link__1lHlo"><a href="/market/dondurulmus-gida?q=%C5%9Feker">Dondurulmuş Gıda<span class="TextGroup_category_count__2zH1_">2</span></a></div><div class="Filter_filter_link__1lHlo"><a href="/market/biskuvi-ve-kek?q=%C5%9Feker">Bisküvi ve Kek<span class="TextGroup_category_count__2zH1_">2</span></a></div><div class="Filter_filter_link__1lHlo"><a href="/market/sebze?q=%C5%9Feker">Sebze<span class="TextGroup_category_count__2zH1_">1</span></a></div><div class="Filter_filter_link__1lHlo"><a href="/market/sicak-toz-icecek?q=%C5%9Feker">Sıcak Toz İçecek<span class="TextGroup_category_count__2zH1_">1</span></a></div><div class="Filter_filter_link__1lHlo"><a href="/market/soguk-toz-icecekler?q=%C5%9Feker">Soğuk Toz İçecekler<span class="TextGroup_category_count__2zH1_">1</span></a></div><div class="Filter_filter_link__1lHlo"><a href="/market/soguk-kahveler?q=%C5%9Feker">Soğuk Kahveler<span class="TextGroup_category_count__2zH1_">1</span></a></div><div class="Filter_filter_link__1lHlo"><a href="/market/geleneksel-icecekler?q=%C5%9Feker">Geleneksel İçecekler<span class="TextGroup_category_count__2zH1_">1</span></a></div><div class="Filter_filter_link__1lHlo"><a href="/market/konserve?q=%C5%9Feker">Konserve<span class="TextGroup_category_count__2zH1_">1</span></a></div><div class="Filter_filter_link__1lHlo"><a href="/market/kuru-sebze?q=%C5%9Feker">Kuru Sebze<span class="TextGroup_category_count__2zH1_">1</span></a></div><div class="Filter_filter_link__1lHlo"><a href="/market/dondurma?q=%C5%9Feker">Dondurma<span class="TextGroup_category_count__2zH1_">1</span></a></div><div class="Filter_filter_link__1lHlo"><a href="/market/kraker-ve-kurabiye?q=%C5%9Feker">Kraker ve Kurabiye<span class="TextGroup_category_count__2zH1_">1</span></a></div><div class="Filter_filter_link__1lHlo"><a href="/market/ramazan-paketi?q=%C5%9Feker">Ramazan Paketi<span class="TextGroup_category_count__2zH1_">1</span></a></div></div></aside><main class="layout_main__2Cx_b"><div class="Wrapper_pageWrapper__10UsN"><div class="LgOnly_lgOnly__7LF_3"><div class="Wrapper_breadcrumb__3Cx_M"><div class="Breadcrumb_breadcrumb__1mF2-"><ol><li><a href="/" title="Cimri">Cimri</a></li><li><a href="/market" title="Ana Sayfa">Ana Sayfa</a></li><li><p class="Breadcrumb_inlineStyle__2vJnL"> <!-- -->şeker Arama</p></li></ol></div></div><div class="Wrapper_container__1Sh2G"><div class="PillGroup_pillGroup__ZUTud"><div class="PillGroup_pillGroupItem__36XWi"><span class="Pill_pill__1K-RI Pill_primary__1eoEB Pill_activeBorders__1ko8a">En Popüler</span></div><div class="PillGroup_pillGroupItem__36XWi"><span class="Pill_pill__1K-RI Pill_primary__1eoEB">En Düşük Fiyat</span></div><div class="PillGroup_pillGroupItem__36XWi"><span class="Pill_pill__1K-RI Pill_primary__1eoEB">En Düşük Birim Fiyat</span></div></div></div></div><section class="PageBlock_styles_pageBlock__3k007"><div><div class="Wrapper_productCard__1act7"><div class="Row_row__1v6Iy"><div class="Col_col__2vJhp Col_col-xs-6__G4j0a Col_col-md-4__3chrz Col_col-lg-3__7tZhB ProductList_productContainer__2JTlf"><div class="ProductCard_productCard__412iI" data-AB="ab-test"><a href="/market/toz-ve-kup-seker/en-ucuz-kristal-50-kg-toz-seker-fiyatlari,1431121"><div class="ProductCard_actions__1LGjF ProductCard_hasTransition__1BTo4"><span id="ProductCard_counter__VIzjS"><span class="Counter_emptyCounter__7jLNj"><svg width="12" height="12" viewBox="0 0 14 14" fill="none" xmlns="http://www.w3.org/2000/svg"><path d="M6.83333 0.75C6.23503 0.75 5.75 1.23502 5.75 1.83333V5.75H1.83333C1.23502 5.75 0.75 6.23503 0.75 6.83333C0.75 7.43164 1.23503 7.91667 1.83333 7.91667H5.75V11.8333C5.75 12.4316 6.23503 12.9167 6.83333 12.9167C7.43164 12.9167 7.91667 12.4316 7.91667 11.8333V7.91667H11.8333C12.4316 7.91667 12.9167 7.43164 12.9167 6.83333C12.9167 6.23503 12.4316 5.75 11.8333 5.75H7.91667V1.83333C7.91667 1.23503 7.43164 0.75 6.83333 0.75Z" fill="#fff" stroke="#fff" stroke-width="0.5"></path></svg></span></span><span class="CounterForAB_emptyCounter__27X9P"><div style="display:flex;justify-content:flex-start;width:calc(100% - 32px);padding-left:8px"><span>Listeye Eklendi</span></div><svg width="12" height="12" viewBox="0 0 14 14" fill="none" xmlns="http://www.w3.org/2000/svg"><path d="M6.83333 0.75C6.23503 0.75 5.75 1.23502 5.75 1.83333V5.75H1.83333C1.23502 5.75 0.75 6.23503 0.75 6.83333C0.75 7.43164 1.23503 7.91667 1.83333 7.91667H5.75V11.8333C5.75 12.4316 6.23503 12.9167 6.83333 12.9167C7.43164 12.9167 7.91667 12.4316 7.91667 11.8333V7.91667H11.8333C12.4316 7.91667 12.9167 7.43164 12.9167 6.83333C12.9167 6.23503 12.4316 5.75 11.8333 5.75H7.91667V1.83333C7.91667 1.23503 7.43164 0.75 6.83333 0.75Z" fill="#fff" stroke="#fff" stroke-width="0.5"></path></svg></span></div><div class="ProductCard_imageContainer__ASSCc"><img alt="Kristal 50 kg Toz Şeker" src="https://cdn.cimri.io/market/88x88/kristal-50-kg-toz-seker-_1897179.jpg" loading="eager" srcSet="https://cdn.cimri.io/market/88x88/kristal-50-kg-toz-seker-_1897179.jpg 1x, https://cdn.cimri.io/market/176x176/kristal-50-kg-toz-seker-_1897179.jpg 2x" width="88" height="88" fetchpriority="high"/></div><div class="ProductCard_productCardBody__dAwWi"><div class="ProductCard_productName__35zi5"><p>Kristal 50 kg Toz Şeker</p></div><div class="ProductCard_offers__2iP_C"><div class="WrapperBox_wrapper__1_OBD WrapperBox_left__2PpFA WrapperBox_small__VfD9r"><img alt="Tarım Kredi Kooperatifi" src="https://cdn.cimri.io/pictures/merchant-logos/15059.png?v=1" loading="eager" width="50" height="24"/><span>+<!-- -->2<!-- --> satıcı</span></div></div></div><span class="ProductCard_oldPrice__1o3ky"></span></a><a href="/market/toz-ve-kup-seker/en-ucuz-kristal-50-kg-toz-seker-fiyatlari,1431121"><div class="ProductCard_footer__Fc9OL"><span class="ProductCard_price__10UHp">950,00 TL</span><span>19,00 TL/kg</span></div></a><div class="ProductCard_addListButton__30OB_"><div class="AddListButton_addListButton__ujsTf"><span>Listeye Eklendi</span></div></div></div></div><div class="Col_col__2vJhp Col_col-xs-6__G4j0a Col_col-md-4__3chrz Col_col-lg-3__7tZhB ProductList_productContainer__2JTlf"><div class="ProductCard_productCard__412iI" data-AB="ab-test"><a href="/market/toz-ve-kup-seker/en-ucuz-bal-kupu-5-kg-toz-seker-fiyatlari,51432"><div class="ProductCard_actions__1LGjF ProductCard_hasTransition__1BTo4"><span id="ProductCard_counter__VIzjS"><span class="Counter_emptyCounter__7jLNj"><svg width="12" height="12" viewBox="0 0 14 14" fill="none" xmlns="http://www.w3.org/2000/svg"><path d="M6.83333 0.75C6.23503 0.75 5.75 1.23502 5.75 1.83333V5.75H1.83333C1.23502 5.75 0.75 6.23503 0.75 6.83333C0.75 7.43164 1.23503 7.91667 1.83333 7.91667H5.75V11.8333C5.75 12.4316 6.23503 12.9167 6.83333 12.9167C7.43164 12.9167 7.91667 12.4316 7.91667 11.8333V7.91667H11.8333C12.4316 7.91667 12.9167 7.43164 12.9167 6.83333C12.9167 6.23503 12.4316 5.75 11.8333 5.75H7.91667V1.83333C7.91667 1.23503 7.43164 0.75 6.83333 0.75Z" fill="#fff" stroke="#fff" stroke-width="0.5"></path></svg></span></span><span class="CounterForAB_emptyCounter__27X9P"><div style="display:flex;justify-content:flex-start;width:calc(100% - 32px);padding-left:8px"><span>Listeye Eklendi</span></div><svg width="12" height="12" viewBox="0 0 14 14" fill="none" xmlns="http://www.w3.org/2000/svg"><path d="M6.83333 0.75C6.23503 0.75 5.75 1.23502 5.75 1.83333V5.75H1.83333C1.23502 5.75 0.75 6.23503 0.75 6.83333C0.75 7.43164 1.23503 7.91667 1.83333 7.91667H5.75V11.8333C5.75 12.4316 6.23503 12.9167 6.83333 12.9167C7.43164 12.9167 7.91667 12.4316 7.91667 11.8333V7.91667H11.8333C12.4316 7.91667 12.9167 7.43164 12.9167 6.83333C12.9167 6.23503 12.4316 5.75 11.8333 5.75H7.91667V1.83333C7.91667 1.23503 7.43164 0.75 6.83333 0.75Z" fill="#fff" stroke="#fff" stroke-width="0.5"></path></svg></span></div><div class="ProductCard_imageContainer__ASSCc"><img alt="Bal Küpü 5 kg Toz Şeker" src="https://cdn.cimri.io/market/88x88/bal-kupu-5-kg-toz-seker-_280825.jpg" loading="lazy" srcSet="https://cdn.cimri.io/market/88x88/bal-kupu-5-kg-toz-seker-_280825.jpg 1x, https://cdn.cimri.io/market/176x176/bal-kupu-5-kg-toz-seker-_280825.jpg 2x" width="88" height="88"/></div><div class="ProductCard_productCardBody__dAwWi"><div class="ProductCard_productName__35zi5"><p>Bal Küpü 5 kg Toz Şeker</p></div><div class="ProductCard_offers__2iP_C"><div class="WrapperBox_wrapper__1_OBD WrapperBox_left__2PpFA WrapperBox_small__VfD9r"><img alt="Hakmarekspress" src="https://cdn.cimri.io/pictures/merchant-logos/15060.png?v=1" loading="lazy" width="50" height="24"/><span>+<!-- -->7<!-- --> satıcı</span></div></div></div><span class="ProductCard_oldPrice__1o3ky"></span></a><a href="/market/toz-ve-kup-seker/en-ucuz-bal-kupu-5-kg-toz-seker-fiyatlari,51432"><div class="ProductCard_footer__Fc9OL"><span class="ProductCard_price__10UHp">145,90 TL</span><span>29,18 TL/kg</span></div></a><div class="ProductCard_addListButton__30OB_"><div class="AddListButton_addListButton__ujsTf"><span>Listeye Eklendi</span></div></div></div></div><div class="Col_col__2vJhp Col_col-xs-6__G4j0a Col_col-md-4__3chrz Col_col-lg-3__7tZhB ProductList_productContainer__2JTlf"><div class="ProductCard_productCard__412iI" data-AB="ab-test"><a href="/market/toz-ve-kup-seker/en-ucuz-turk-seker-50-kg-toz-seker-fiyatlari,51759"><div class="ProductCard_actions__1LGjF ProductCard_hasTransition__1BTo4"><span id="ProductCard_counter__VIzjS"><span class="Counter_emptyCounter__7jLNj"><svg width="12" height="12" viewBox="0 0 14 14" fill="none" xmlns="http://www.w3.org/2000/svg"><path d="M6.83333 0.75C6.23503 0.75 5.75 1.23502 5.75 1.83333V5.75H1.83333C1.23502 5.75 0.75 6.23503 0.75 6.83333C0.75 7.43164 1.23503 7.91667 1.83333 7.91667H5.75V11.8333C5.75 12.4316 6.23503 12.9167 6.83333 12.9167C7.43164 12.9167 7.91667 12.4316 7.91667 11.8333V7.91667H11.8333C12.4316 7.91667 12.9167 7.43164 12.9167 6.83333C12.9167 6.23503 12.4316 5.75 11.8333 5.75H7.91667V1.83333C7.91667 1.23503 7.43164 0.75 6.83333 0.75Z" fill="#fff" stroke="#fff" stroke-width="0.5"></path></svg></span></span><span class="CounterForAB_emptyCounter__27X9P"><div style="display:flex;justify-content:flex-start;width:calc(100% - 32px);padding-left:8px"><span>Listeye Eklendi</span></div><svg width="12" height="12" viewBox="0 0 14 14" fill="none" xmlns="http://www.w3.org/2000/svg"><path d="M6.83333 0.75C6.23503 0.75 5.75 1.23502 5.75 1.83333V5.75H1.83333C1.23502 5.75 0.75 6.23503 0.75 6.83333C0.75 7.43164 1.23503 7.91667 1.83333 7.91667H5.75V11.8333C5.75 12.4316 6.23503 12.9167 6.83333 12.9167C7.43164 12.9167 7.91667 12.4316 7.91667 11.8333V7.91667H11.8333C12.4316 7.91667 12.9167 7.43164 12.9167 6.83333C12.9167 6.23503 12.4316 5.75 11.8333 5.75H7.91667V1.83333C7.91667 1.23503 7.43164 0.75 6.83333 0.75Z" fill="#fff" stroke="#fff" stroke-width="0.5"></path></svg></span></div><div class="ProductCard_imageContainer__ASSCc"><img alt="Türk Şeker 50 kg Toz Şeker" src="https://cdn.cimri.io/market/88x88/turk-seker-50-kg-toz-seker-_281096.jpg" loading="lazy" srcSet="https://cdn.cimri.io/market/88x88/turk-seker-50-kg-toz-seker-_281096.jpg 1x, https://cdn.cimri.io/market/176x176/turk-seker-50-kg-toz-seker-_281096.jpg 2x" width="88" height="88"/></div><div class="ProductCard_productCardBody__dAwWi"><div class="ProductCard_productName__35zi5"><p>Türk Şeker 50 kg Toz Şeker</p></div><div class="ProductCard_offers__2iP_C"><div class="WrapperBox_wrapper__1_OBD WrapperBox_left__2PpFA WrapperBox_small__VfD9r"><img alt="PttAVM" src="https://cdn.cimri.io/pictures/merchant-logos/11512.png?v=1" loading="lazy" width="50" height="24"/><span>+<!-- -->1<!-- --> satıcı</span></div></div></div><span class="ProductCard_oldPrice__1o3ky"></span></a><div><div class="ProductCard_footerWrapper__3L_-e"><span class="ProductCard_price__10UHp">2.263,02 TL<svg width="12" height="12" viewBox="0 0 7 12" fill="none" xmlns="http://www.w3.org/2000/svg"><path d="M7 6.00001C6.99987 6.22475 6.90899 6.4399 6.748 6.59665L1.39345 11.769C1.24077 11.9177 1.03591 12.0006 0.822802 12C0.598631 11.9997 0.384266 11.908 0.229241 11.746C-0.0851275 11.4157 -0.0749083 10.8937 0.25215 10.5759L4.98814 6.00001L0.25215 1.42414C-0.0749083 1.10633 -0.0851275 0.584348 0.229241 0.253972C0.380205 0.0958206 0.588017 0.00446116 0.806579 0.000159073C1.02514 -0.00414301 1.23639 0.0789679 1.39345 0.231056L6.748 5.40357C6.90894 5.56028 6.99981 5.77535 7 6.00001Z" fill="#3ab424"></path></svg></span><span>45,26 TL/kg</span></div><div class="ProductCard_footer__Fc9OL"><span class="ProductCard_price__10UHp">2.263,02 TL<svg width="12" height="12" viewBox="0 0 7 12" fill="none" xmlns="http://www.w3.org/2000/svg"><path d="M7 6.00001C6.99987 6.22475 6.90899 6.4399 6.748 6.59665L1.39345 11.769C1.24077 11.9177 1.03591 12.0006 0.822802 12C0.598631 11.9997 0.384266 11.908 0.229241 11.746C-0.0851275 11.4157 -0.0749083 10.8937 0.25215 10.5759L4.98814 6.00001L0.25215 1.42414C-0.0749083 1.10633 -0.0851275 0.584348 0.229241 0.253972C0.380205 0.0958206 0.588017 0.00446116 0.806579 0.000159073C1.02514 -0.00414301 1.23639 0.0789679 1.39345 0.231056L6.748 5.40357C6.90894 5.56028 6.99981 5.77535 7 6.00001Z" fill="#3ab424"></path></svg></span><span>45,26 TL/kg</span></div></div><div class="ProductCard_addListButton__30OB_"><div class="AddListButton_addListButton__ujsTf"><span>Listeye Eklendi</span></div></div></div></div><div class="Col_col__2vJhp Col_col-xs-6__G4j0a Col_col-md-4__3chrz Col_col-lg-3__7tZhB ProductList_productContainer__2JTlf"><div class="ProductCard_productCard__412iI" data-AB="ab-test"><a href="/market/toz-ve-kup-seker/en-ucuz-irmak-5-kg-kup-seker-tek-sargili-dokme-fiyatlari,1080153"><div class="ProductCard_actions__1LGjF ProductCard_hasTransition__1BTo4"><span id="ProductCard_counter__VIzjS"><span class="Counter_emptyCounter__7jLNj"><svg width="12" height="12" viewBox="0 0 14 14" fill="none" xmlns="http://www.w3.org/2000/svg"><path d="M6.83333 0.75C6.23503 0.75 5.75 1.23502 5.75 1.83333V5.75H1.83333C1.23502 5.75 0.75 6.23503 0.75 6.83333C0.75 7.43164 1.23503 7.91667 1.83333 7.91667H5.75V11.8333C5.75 12.4316 6.23503 12.9167 6.83333 12.9167C7.43164 12.9167 7.91667 12.4316 7.91667 11.8333V7.91667H11.8333C12.4316 7.91667 12.9167 7.43164 12.9167 6.83333C12.9167 6.23503 12.4316 5.75 11.8333 5.75H7.91667V1.83333C7.91667 1.23503 7.43164 0.75 6.83333 0.75Z" fill="#fff" stroke="#fff" stroke-width="0.5"></path></svg></span></span><span class="CounterForAB_emptyCounter__27X9P"><div style="display:flex;justify-content:flex-start;width:calc(100% - 32px);padding-left:8px"><span>Listeye Eklendi</span></div><svg width="12" height="12" viewBox="0 0 14 14" fill="none" xmlns="http://www.w3.org/2000/svg"><path d="M6.83333 0.75C6.23503 0.75 5.75 1.23502 5.75 1.83333V5.75H1.83333C1.23502 5.75 0.75 6.23503 0.75 6.83333C0.75 7.43164 1.23503 7.91667 1.83333 7.91667H5.75V11.8333C5.75 12.4316 6.23503 12.9167 6.83333 12.9167C7.43164 12.9167 7.91667 12.4316 7.91667 11.8333V7.91667H11.8333C12.4316 7.91667 12.9167 7.43164 12.9167 6.83333C12.9167 6.23503 12.4316 5.75 11.8333 5.75H7.91667V1.83333C7.91667 1.23503 7.43164 0.75 6.83333 0.75Z" fill="#fff" stroke="#fff" stroke-width="0.5"></path></svg></span></div><div class="ProductCard_imageContainer__ASSCc"><img alt="Irmak 5 kg Küp Şeker Tek Sargılı Dökme" src="https://cdn.cimri.io/market/88x88/irmak-5-kg-kup-seker-tek-sargili-dokme-_1301795.jpg" loading="lazy" srcSet="https://cdn.cimri.io/market/88x88/irmak-5-kg-kup-seker-tek-sargili-dokme-_1301795.jpg 1x, https://cdn.cimri.io/market/176x176/irmak-5-kg-kup-seker-tek-sargili-dokme-_1301795.jpg 2x" width="88" height="88"/></div><div class="ProductCard_productCardBody__dAwWi"><div class="ProductCard_productName__35zi5"><p>Irmak 5 kg Küp Şeker Tek Sargılı Dökme</p></div><div class="ProductCard_offers__2iP_C"><div class="WrapperBox_wrapper__1_OBD WrapperBox_left__2PpFA WrapperBox_small__VfD9r"><img alt="Migros" src="https://cdn.cimri.io/pictures/merchant-logos/15056.png?v=1" loading="lazy" width="50" height="24"/><span>+<!-- -->5<!-- --> satıcı</span></div></div></div><span class="ProductCard_oldPrice__1o3ky"></span></a><a href="/market/toz-ve-kup-seker/en-ucuz-irmak-5-kg-kup-seker-tek-sargili-dokme-fiyatlari,1080153"><div class="ProductCard_footer__Fc9OL"><span class="ProductCard_price__10UHp">269,90 TL</span><span>53,98 TL/kg</span></div></a><div class="ProductCard_addListButton__30OB_"><div class="AddListButton_addListButton__ujsTf"><span>Listeye Eklendi</span></div></div></div></div><div class="Col_col__2vJhp Col_col-xs-6__G4j0a Col_col-md-4__3chrz Col_col-lg-3__7tZhB ProductList_productContainer__2JTlf"><div class="ProductCard_productCard__412iI" data-AB="ab-test"><a href="/market/toz-ve-kup-seker/en-ucuz-nar-5-kg-toz-seker-fiyatlari,1163581"><div class="ProductCard_actions__1LGjF ProductCard_hasTransition__1BTo4"><span id="ProductCard_counter__VIzjS"><span class="Counter_emptyCounter__7jLNj"><svg width="12" height="12" viewBox="0 0 14 14" fill="none" xmlns="http://www.w3.org/2000/svg"><path d="M6.83333 0.75C6.23503 0.75 5.75 1.23502 5.75 1.83333V5.75H1.83333C1.23502 5.75 0.75 6.23503 0.75 6.83333C0.75 7.43164 1.23503 7.91667 1.83333 7.91667H5.75V11.8333C5.75 12.4316 6.23503 12.9167 6.83333 12.9167C7.43164 12.9167 7.91667 12.4316 7.91667 11.8333V7.91667H11.8333C12.4316 7.91667 12.9167 7.43164 12.9167 6.83333C12.9167 6.23503 12.4316 5.75 11.8333 5.75H7.91667V1.83333C7.91667 1.23503 7.43164 0.75 6.83333 0.75Z" fill="#fff" stroke="#fff" stroke-width="0.5"></path></svg></span></span><span class="CounterForAB_emptyCounter__27X9P"><div style="display:flex;justify-content:flex-start;width:calc(100% - 32px);padding-left:8px"><span>Listeye Eklendi</span></div><svg width="12" height="12" viewBox="0 0 14 14" fill="none" xmlns="http://www.w3.org/2000/svg"><path d="M6.83333 0.75C6.23503 0.75 5.75 1.23502 5.75 1.83333V5.75H1.83333C1.23502 5.75 0.75 6.23503 0.75 6.83333C0.75 7.43164 1.23503 7.91667 1.83333 7.91667H5.75V11.8333C5.75 12.4316 6.23503 12.9167 6.83333 12.9167C7.43164 12.9167 7.91667 12.4316 7.91667 11.8333V7.91667H11.8333C12.4316 7.91667 12.9167 7.43164 12.9167 6.83333C12.9167 6.23503 12.4316 5.75 11.8333 5.75H7.91667V1.83333C7.91667 1.23503 7.43164 0.75 6.83333 0.75Z" fill="#fff" stroke="#fff" stroke-width="0.5"></path></svg></span></div><div class="ProductCard_imageContainer__ASSCc"><img alt="Nar 5 kg Toz Şeker" src="https://cdn.cimri.io/market/88x88/nar-5-kg-toz-seker-_1433370.jpg" loading="lazy" srcSet="https://cdn.cimri.io/market/88x88/nar-5-kg-toz-seker-_1433370.jpg 1x, https://cdn.cimri.io/market/176x176/nar-5-kg-toz-seker-_1433370.jpg 2x" width="88" height="88"/></div><div class="ProductCard_productCardBody__dAwWi"><div class="ProductCard_productName__35zi5"><p>Nar 5 kg Toz Şeker</p></div><div class="ProductCard_offers__2iP_C"><div class="WrapperBox_wrapper__1_OBD WrapperBox_left__2PpFA WrapperBox_small__VfD9r"><img alt="Toptan Migros" src="https://cdn.cimri.io/pictures/merchant-logos/16151.png?v=1" loading="lazy" width="50" height="24"/><span>+<!-- -->4<!-- --> satıcı</span></div></div></div><span class="ProductCard_oldPrice__1o3ky"></span></a><div><div class="ProductCard_footerWrapper__3L_-e"><span class="ProductCard_price__10UHp">179,95 TL<svg width="12" height="12" viewBox="0 0 7 12" fill="none" xmlns="http://www.w3.org/2000/svg"><path d="M7 6.00001C6.99987 6.22475 6.90899 6.4399 6.748 6.59665L1.39345 11.769C1.24077 11.9177 1.03591 12.0006 0.822802 12C0.598631 11.9997 0.384266 11.908 0.229241 11.746C-0.0851275 11.4157 -0.0749083 10.8937 0.25215 10.5759L4.98814 6.00001L0.25215 1.42414C-0.0749083 1.10633 -0.0851275 0.584348 0.229241 0.253972C0.380205 0.0958206 0.588017 0.00446116 0.806579 0.000159073C1.02514 -0.00414301 1.23639 0.0789679 1.39345 0.231056L6.748 5.40357C6.90894 5.56028 6.99981 5.77535 7 6.00001Z" fill="#3ab424"></path></svg></span><span>35,99 TL/kg</span></div><div class="ProductCard_footer__Fc9OL"><span class="ProductCard_price__10UHp">179,95 TL<svg width="12" height="12" viewBox="0 0 7 12" fill="none" xmlns="http://www.w3.org/2000/svg"><path d="M7 6.00001C6.99987 6.22475 6.90899 6.4399 6.748 6.59665L1.39345 11.769C1.24077 11.9177 1.03591 12.0006 0.822802 12C0.598631 11.9997 0.384266 11.908 0.229241 11.746C-0.0851275 11.4157 -0.0749083 10.8937 0.25215 10.5759L4.98814 6.00001L0.25215 1.42414C-0.0749083 1.10633 -0.0851275 0.584348 0.229241 0.253972C0.380205 0.0958206 0.588017 0.00446116 0.806579 0.000159073C1.02514 -0.00414301 1.23639 0.0789679 1.39345 0.231056L6.748 5.40357C6.90894 5.56028 6.99981 5.77535 7 6.00001Z" fill="#3ab424"></path></svg></span><span>35,99 TL/kg</span></div></div><div class="ProductCard_addListButton__30OB_"><div class="AddListButton_addListButton__ujsTf"><span>Listeye Eklendi</span></div></div></div></div><div class="Col_col__2vJhp Col_col-xs-6__G4j0a Col_col-md-4__3chrz Col_col-lg-3__7tZhB ProductList_productContainer__2JTlf"><div class="ProductCard_productCard__412iI" data-AB="ab-test"><a href="/market/toz-ve-kup-seker/en-ucuz-kayseri-seker-kristal-50-kg-toz-seker-fiyatlari,136774"><div class="ProductCard_actions__1LGjF ProductCard_hasTransition__1BTo4"><span id="ProductCard_counter__VIzjS"><span class="Counter_emptyCounter__7jLNj"><svg width="12" height="12" viewBox="0 0 14 14" fill="none" xmlns="http://www.w3.org/2000/svg"><path d="M6.83333 0.75C6.23503 0.75 5.75 1.23502 5.75 1.83333V5.75H1.83333C1.23502 5.75 0.75 6.23503 0.75 6.83333C0.75 7.43164 1.23503 7.91667 1.83333 7.91667H5.75V11.8333C5.75 12.4316 6.23503 12.9167 6.83333 12.9167C7.43164 12.9167 7.91667 12.4316 7.91667 11.8333V7.91667H11.8333C12.4316 7.91667 12.9167 7.43164 12.9167 6.83333C12.9167 6.23503 12.4316 5.75 11.8333 5.75H7.91667V1.83333C7.91667 1.23503 7.43164 0.75 6.83333 0.75Z" fill="#fff" stroke="#fff" stroke-width="0.5"></path></svg></span></span><span class="CounterForAB_emptyCounter__27X9P"><div style="display:flex;justify-content:flex-start;width:calc(100% - 32px);padding-left:8px"><span>Listeye Eklendi</span></div><svg width="12" height="12" viewBox="0 0 14 14" fill="none" xmlns="http://www.w3.org/2000/svg"><path d="M6.83333 0.75C6.23503 0.75 5.75 1.23502 5.75 1.83333V5.75H1.83333C1.23502 5.75 0.75 6.23503 0.75 6.83333C0.75 7.43164 1.23503 7.91667 1.83333 7.91667H5.75V11.8333C5.75 12.4316 6.23503 12.9167 6.83333 12.9167C7.43164 12.9167 7.91667 12.4316 7.91667 11.8333V7.91667H11.8333C12.4316 7.91667 12.9167 7.43164 12.9167 6.83333C12.9167 6.23503 12.4316 5.75 11.8333 5.75H7.91667V1.83333C7.91667 1.23503 7.43164 0.75 6.83333 0.75Z" fill="#fff" stroke="#fff" stroke-width="0.5"></path></svg></span></div><div class="ProductCard_imageContainer__ASSCc"><img alt="Kayseri Şeker Kristal 50 kg Toz Şeker" src="https://cdn.cimri.io/market/88x88/kayseri-seker-kristal-50-kg-toz-seker-_323085.jpg" loading="lazy" srcSet="https://cdn.cimri.io/market/88x88/kayseri-seker-kristal-50-kg-toz-seker-_323085.jpg 1x, https://cdn.cimri.io/market/176x176/kayseri-seker-kristal-50-kg-toz-seker-_323085.jpg 2x" width="88" height="88"/></div><div class="ProductCard_productCardBody__dAwWi"><div class="ProductCard_productName__35zi5"><p>Kayseri Şeker Kristal 50 kg Toz Şeker</p></div><div class="ProductCard_offers__2iP_C"><div class="WrapperBox_wrapper__1_OBD WrapperBox_left__2PpFA WrapperBox_small__VfD9r"><img alt="PttAVM" src="https://cdn.cimri.io/pictures/merchant-logos/11512.png?v=1" loading="lazy" width="50" height="24"/><span>+<!-- -->1<!-- --> satıcı</span></div></div></div><span class="ProductCard_oldPrice__1o3ky"></span></a><div><div class="ProductCard_footerWrapper__3L_-e"><span class="ProductCard_price__10UHp">2.169,44 TL<svg width="12" height="12" viewBox="0 0 7 12" fill="none" xmlns="http://www.w3.org/2000/svg"><path d="M7 6.00001C6.99987 6.22475 6.90899 6.4399 6.748 6.59665L1.39345 11.769C1.24077 11.9177 1.03591 12.0006 0.822802 12C0.598631 11.9997 0.384266 11.908 0.229241 11.746C-0.0851275 11.4157 -0.0749083 10.8937 0.25215 10.5759L4.98814 6.00001L0.25215 1.42414C-0.0749083 1.10633 -0.0851275 0.584348 0.229241 0.253972C0.380205 0.0958206 0.588017 0.00446116 0.806579 0.000159073C1.02514 -0.00414301 1.23639 0.0789679 1.39345 0.231056L6.748 5.40357C6.90894 5.56028 6.99981 5.77535 7 6.00001Z" fill="#3ab424"></path></svg></span><span>43,39 TL/kg</span></div><div class="ProductCard_footer__Fc9OL"><span class="ProductCard_price__10UHp">2.169,44 TL<svg width="12" height="12" viewBox="0 0 7 12" fill="none" xmlns="http://www.w3.org/2000/svg"><path d="M7 6.00001C6.99987 6.22475 6.90899 6.4399 6.748 6.59665L1.39345 11.769C1.24077 11.9177 1.03591 12.0006 0.822802 12C0.598631 11.9997 0.384266 11.908 0.229241 11.746C-0.0851275 11.4157 -0.0749083 10.8937 0.25215 10.5759L4.98814 6.00001L0.25215 1.42414C-0.0749083 1.10633 -0.0851275 0.584348 0.229241 0.253972C0.380205 0.0958206 0.588017 0.00446116 0.806579 0.000159073C1.02514 -0.00414301 1.23639 0.0789679 1.39345 0.231056L6.748 5.40357C6.90894 5.56028 6.99981 5.77535 7 6.00001Z" fill="#3ab424"></path></svg></span><span>43,39 TL/kg</span></div></div><div class="ProductCard_addListButton__30OB_"><div class="AddListButton_addListButton__ujsTf"><span>Listeye Eklendi</span></div></div></div></div><div class="Col_col__2vJhp Col_col-xs-6__G4j0a Col_col-md-4__3chrz Col_col-lg-3__7tZhB ProductList_productContainer__2JTlf"><div class="ProductCard_productCard__412iI" data-AB="ab-test"><a href="/market/toz-ve-kup-seker/en-ucuz-avansas-5-kg-tek-sargili-kup-seker-fiyatlari,51473"><div class="ProductCard_discountBadge__2HnY4">↓%2</div><div class="ProductCard_popoverWrapper__2Ncvh"><span class="ProductCard_span__17o6b"></span><div class="ProductCard_popover__tf5mQ">Son 30 gün içerisindeki en ucuz fiyatlar üstünden hesaplanan indirim oranı</div></div><div class="ProductCard_actions__1LGjF ProductCard_hasTransition__1BTo4"><span id="ProductCard_counter__VIzjS"><span class="Counter_emptyCounter__7jLNj"><svg width="12" height="12" viewBox="0 0 14 14" fill="none" xmlns="http://www.w3.org/2000/svg"><path d="M6.83333 0.75C6.23503 0.75 5.75 1.23502 5.75 1.83333V5.75H1.83333C1.23502 5.75 0.75 6.23503 0.75 6.83333C0.75 7.43164 1.23503 7.91667 1.83333 7.91667H5.75V11.8333C5.75 12.4316 6.23503 12.9167 6.83333 12.9167C7.43164 12.9167 7.91667 12.4316 7.91667 11.8333V7.91667H11.8333C12.4316 7.91667 12.9167 7.43164 12.9167 6.83333C12.9167 6.23503 12.4316 5.75 11.8333 5.75H7.91667V1.83333C7.91667 1.23503 7.43164 0.75 6.83333 0.75Z" fill="#fff" stroke="#fff" stroke-width="0.5"></path></svg></span></span><span class="CounterForAB_emptyCounter__27X9P"><div style="display:flex;justify-content:flex-start;width:calc(100% - 32px);padding-left:8px"><span>Listeye Eklendi</span></div><svg width="12" height="12" viewBox="0 0 14 14" fill="none" xmlns="http://www.w3.org/2000/svg"><path d="M6.83333 0.75C6.23503 0.75 5.75 1.23502 5.75 1.83333V5.75H1.83333C1.23502 5.75 0.75 6.23503 0.75 6.83333C0.75 7.43164 1.23503 7.91667 1.83333 7.91667H5.75V11.8333C5.75 12.4316 6.23503 12.9167 6.83333 12.9167C7.43164 12.9167 7.91667 12.4316 7.91667 11.8333V7.91667H11.8333C12.4316 7.91667 12.9167 7.43164 12.9167 6.83333C12.9167 6.23503 12.4316 5.75 11.8333 5.75H7.91667V1.83333C7.91667 1.23503 7.43164 0.75 6.83333 0.75Z" fill="#fff" stroke="#fff" stroke-width="0.5"></path></svg></span></div><div class="ProductCard_imageContainer__ASSCc"><img alt="Avansas 5 Kg Tek Sargılı Küp Şeker" src="https://cdn.cimri.io/market/88x88/avansas-5-kg-tek-sargili-kup-seker-_280866.jpg" loading="lazy" srcSet="https://cdn.cimri.io/market/88x88/avansas-5-kg-tek-sargili-kup-seker-_280866.jpg 1x, https://cdn.cimri.io/market/176x176/avansas-5-kg-tek-sargili-kup-seker-_280866.jpg 2x" width="88" height="88"/></div><div class="ProductCard_productCardBody__dAwWi"><div class="ProductCard_productName__35zi5"><p>Avansas 5 Kg Tek Sargılı Küp Şeker</p></div><div class="ProductCard_offers__2iP_C"><div class="WrapperBox_wrapper__1_OBD WrapperBox_left__2PpFA WrapperBox_small__VfD9r"><img alt="Avansas" src="https://cdn.cimri.io/pictures/merchant-logos/2364.png?v=1" loading="lazy" width="50" height="24"/><span>+<!-- -->1<!-- --> satıcı</span></div></div></div><span class="ProductCard_oldPrice__1o3ky">259,74</span></a><div><div class="ProductCard_footerWrapper__3L_-e"><span class="ProductCard_price__10UHp">254,74 TL<svg width="12" height="12" viewBox="0 0 7 12" fill="none" xmlns="http://www.w3.org/2000/svg"><path d="M7 6.00001C6.99987 6.22475 6.90899 6.4399 6.748 6.59665L1.39345 11.769C1.24077 11.9177 1.03591 12.0006 0.822802 12C0.598631 11.9997 0.384266 11.908 0.229241 11.746C-0.0851275 11.4157 -0.0749083 10.8937 0.25215 10.5759L4.98814 6.00001L0.25215 1.42414C-0.0749083 1.10633 -0.0851275 0.584348 0.229241 0.253972C0.380205 0.0958206 0.588017 0.00446116 0.806579 0.000159073C1.02514 -0.00414301 1.23639 0.0789679 1.39345 0.231056L6.748 5.40357C6.90894 5.56028 6.99981 5.77535 7 6.00001Z" fill="#3ab424"></path></svg></span><span>50,95 TL/kg</span></div><div class="ProductCard_footer__Fc9OL"><span class="ProductCard_price__10UHp">254,74 TL<svg width="12" height="12" viewBox="0 0 7 12" fill="none" xmlns="http://www.w3.org/2000/svg"><path d="M7 6.00001C6.99987 6.22475 6.90899 6.4399 6.748 6.59665L1.39345 11.769C1.24077 11.9177 1.03591 12.0006 0.822802 12C0.598631 11.9997 0.384266 11.908 0.229241 11.746C-0.0851275 11.4157 -0.0749083 10.8937 0.25215 10.5759L4.98814 6.00001L0.25215 1.42414C-0.0749083 1.10633 -0.0851275 0.584348 0.229241 0.253972C0.380205 0.0958206 0.588017 0.00446116 0.806579 0.000159073C1.02514 -0.00414301 1.23639 0.0789679 1.39345 0.231056L6.748 5.40357C6.90894 5.56028 6.99981 5.77535 7 6.00001Z" fill="#3ab424"></path></svg></span><span>50,95 TL/kg</span></div></div><div class="ProductCard_addListButton__30OB_"><div class="AddListButton_addListButton__ujsTf"><span>Listeye Eklendi</span></div></div></div></div><div class="Col_col__2vJhp Col_col-xs-6__G4j0a Col_col-md-4__3chrz Col_col-lg-3__7tZhB ProductList_productContainer__2JTlf"><div class="ProductCard_productCard__412iI" data-AB="ab-test"><a href="/market/toz-ve-kup-seker/en-ucuz-pekseker-5-kg-tek-sargili-kesme-seker-fiyatlari,51545"><div class="ProductCard_actions__1LGjF ProductCard_hasTransition__1BTo4"><span id="ProductCard_counter__VIzjS"><span class="Counter_emptyCounter__7jLNj"><svg width="12" height="12" viewBox="0 0 14 14" fill="none" xmlns="http://www.w3.org/2000/svg"><path d="M6.83333 0.75C6.23503 0.75 5.75 1.23502 5.75 1.83333V5.75H1.83333C1.23502 5.75 0.75 6.23503 0.75 6.83333C0.75 7.43164 1.23503 7.91667 1.83333 7.91667H5.75V11.8333C5.75 12.4316 6.23503 12.9167 6.83333 12.9167C7.43164 12.9167 7.91667 12.4316 7.91667 11.8333V7.91667H11.8333C12.4316 7.91667 12.9167 7.43164 12.9167 6.83333C12.9167 6.23503 12.4316 5.75 11.8333 5.75H7.91667V1.83333C7.91667 1.23503 7.43164 0.75 6.83333 0.75Z" fill="#fff" stroke="#fff" stroke-width="0.5"></path></svg></span></span><span class="CounterForAB_emptyCounter__27X9P"><div style="display:flex;justify-content:flex-start;width:calc(100% - 32px);padding-left:8px"><span>Listeye Eklendi</span></div><svg width="12" height="12" viewBox="0 0 14 14" fill="none" xmlns="http://www.w3.org/2000/svg"><path d="M6.83333 0.75C6.23503 0.75 5.75 1.23502 5.75 1.83333V5.75H1.83333C1.23502 5.75 0.75 6.23503 0.75 6.83333C0.75 7.43164 1.23503 7.91667 1.83333 7.91667H5.75V11.8333C5.75 12.4316 6.23503 12.9167 6.83333 12.9167C7.43164 12.9167 7.91667 12.4316 7.91667 11.8333V7.91667H11.8333C12.4316 7.91667 12.9167 7.43164 12.9167 6.83333C12.9167 6.23503 12.4316 5.75 11.8333 5.75H7.91667V1.83333C7.91667 1.23503 7.43164 0.75 6.83333 0.75Z" fill="#fff" stroke="#fff" stroke-width="0.5"></path></svg></span></div><div class="ProductCard_imageContainer__ASSCc"><img alt="Pekşeker 5 kg Tek Sargılı Kesme Şeker" src="https://cdn.cimri.io/market/88x88/pekseker-5-kg-tek-sargili-kesme-seker-_280935.jpg" loading="lazy" srcSet="https://cdn.cimri.io/market/88x88/pekseker-5-kg-tek-sargili-kesme-seker-_280935.jpg 1x, https://cdn.cimri.io/market/176x176/pekseker-5-kg-tek-sargili-kesme-seker-_280935.jpg 2x" width="88" height="88"/></div><div class="ProductCard_productCardBody__dAwWi"><div class="ProductCard_productName__35zi5"><p>Pekşeker 5 kg Tek Sargılı Kesme Şeker</p></div><div class="ProductCard_offers__2iP_C"><div class="WrapperBox_wrapper__1_OBD WrapperBox_left__2PpFA WrapperBox_small__VfD9r"><img alt="Ofisegetirelim" src="https://cdn.cimri.io/pictures/merchant-logos/10811.png?v=1" loading="lazy" width="50" height="24"/><span>+<!-- -->5<!-- --> satıcı</span></div></div></div><span class="ProductCard_oldPrice__1o3ky"></span></a><div><div class="ProductCard_footerWrapper__3L_-e"><span class="ProductCard_price__10UHp">286,28 TL<svg width="12" height="12" viewBox="0 0 7 12" fill="none" xmlns="http://www.w3.org/2000/svg"><path d="M7 6.00001C6.99987 6.22475 6.90899 6.4399 6.748 6.59665L1.39345 11.769C1.24077 11.9177 1.03591 12.0006 0.822802 12C0.598631 11.9997 0.384266 11.908 0.229241 11.746C-0.0851275 11.4157 -0.0749083 10.8937 0.25215 10.5759L4.98814 6.00001L0.25215 1.42414C-0.0749083 1.10633 -0.0851275 0.584348 0.229241 0.253972C0.380205 0.0958206 0.588017 0.00446116 0.806579 0.000159073C1.02514 -0.00414301 1.23639 0.0789679 1.39345 0.231056L6.748 5.40357C6.90894 5.56028 6.99981 5.77535 7 6.00001Z" fill="#3ab424"></path></svg></span><span>57,26 TL/kg</span></div><div class="ProductCard_footer__Fc9OL"><span class="ProductCard_price__10UHp">286,28 TL<svg width="12" height="12" viewBox="0 0 7 12" fill="none" xmlns="http://www.w3.org/2000/svg"><path d="M7 6.00001C6.99987 6.22475 6.90899 6.4399 6.748 6.59665L1.39345 11.769C1.24077 11.9177 1.03591 12.0006 0.822802 12C0.598631 11.9997 0.384266 11.908 0.229241 11.746C-0.0851275 11.4157 -0.0749083 10.8937 0.25215 10.5759L4.98814 6.00001L0.25215 1.42414C-0.0749083 1.10633 -0.0851275 0.584348 0.229241 0.253972C0.380205 0.0958206 0.588017 0.00446116 0.806579 0.000159073C1.02514 -0.00414301 1.23639 0.0789679 1.39345 0.231056L6.748 5.40357C6.90894 5.56028 6.99981 5.77535 7 6.00001Z" fill="#3ab424"></path></svg></span><span>57,26 TL/kg</span></div></div><div class="ProductCard_addListButton__30OB_"><div class="AddListButton_addListButton__ujsTf"><span>Listeye Eklendi</span></div></div></div></div><div class="Col_col__2vJhp Col_col-xs-6__G4j0a Col_col-md-4__3chrz Col_col-lg-3__7tZhB ProductList_productContainer__2JTlf"><div class="ProductCard_productCard__412iI" data-AB="ab-test"><a href="/market/toz-ve-kup-seker/en-ucuz-mgs-1-kg-405-adet-kup-seker-fiyatlari,1115188"><div class="ProductCard_actions__1LGjF ProductCard_hasTransition__1BTo4"><span id="ProductCard_counter__VIzjS"><span class="Counter_emptyCounter__7jLNj"><svg width="12" height="12" viewBox="0 0 14 14" fill="none" xmlns="http://www.w3.org/2000/svg"><path d="M6.83333 0.75C6.23503 0.75 5.75 1.23502 5.75 1.83333V5.75H1.83333C1.23502 5.75 0.75 6.23503 0.75 6.83333C0.75 7.43164 1.23503 7.91667 1.83333 7.91667H5.75V11.8333C5.75 12.4316 6.23503 12.9167 6.83333 12.9167C7.43164 12.9167 7.91667 12.4316 7.91667 11.8333V7.91667H11.8333C12.4316 7.91667 12.9167 7.43164 12.9167 6.83333C12.9167 6.23503 12.4316 5.75 11.8333 5.75H7.91667V1.83333C7.91667 1.23503 7.43164 0.75 6.83333 0.75Z" fill="#fff" stroke="#fff" stroke-width="0.5"></path></svg></span></span><span class="CounterForAB_emptyCounter__27X9P"><div style="display:flex;justify-content:flex-start;width:calc(100% - 32px);padding-left:8px"><span>Listeye Eklendi</span></div><svg width="12" height="12" viewBox="0 0 14 14" fill="none" xmlns="http://www.w3.org/2000/svg"><path d="M6.83333 0.75C6.23503 0.75 5.75 1.23502 5.75 1.83333V5.75H1.83333C1.23502 5.75 0.75 6.23503 0.75 6.83333C0.75 7.43164 1.23503 7.91667 1.83333 7.91667H5.75V11.8333C5.75 12.4316 6.23503 12.9167 6.83333 12.9167C7.43164 12.9167 7.91667 12.4316 7.91667 11.8333V7.91667H11.8333C12.4316 7.91667 12.9167 7.43164 12.9167 6.83333C12.9167 6.23503 12.4316 5.75 11.8333 5.75H7.91667V1.83333C7.91667 1.23503 7.43164 0.75 6.83333 0.75Z" fill="#fff" stroke="#fff" stroke-width="0.5"></path></svg></span></div><div class="ProductCard_imageContainer__ASSCc"><img alt="Mgs 1 kg 405 Adet Küp Şeker" src="https://cdn.cimri.io/market/88x88/mgs-1-kg-405-adet-kup-seker-_190551.jpg" loading="lazy" srcSet="https://cdn.cimri.io/market/88x88/mgs-1-kg-405-adet-kup-seker-_190551.jpg 1x, https://cdn.cimri.io/market/176x176/mgs-1-kg-405-adet-kup-seker-_190551.jpg 2x" width="88" height="88"/></div><div class="ProductCard_productCardBody__dAwWi"><div class="ProductCard_productName__35zi5"><p>Mgs 1 kg 405 Adet Küp Şeker</p></div><div class="ProductCard_offers__2iP_C"><div class="WrapperBox_wrapper__1_OBD WrapperBox_left__2PpFA WrapperBox_small__VfD9r"><img alt="PttAVM" src="https://cdn.cimri.io/pictures/merchant-logos/11512.png?v=1" loading="lazy" width="50" height="24"/><span>+<!-- -->2<!-- --> satıcı</span></div></div></div><span class="ProductCard_oldPrice__1o3ky"></span></a><div><div class="ProductCard_footerWrapper__3L_-e"><span class="ProductCard_price__10UHp">39,00 TL<svg width="12" height="12" viewBox="0 0 7 12" fill="none" xmlns="http://www.w3.org/2000/svg"><path d="M7 6.00001C6.99987 6.22475 6.90899 6.4399 6.748 6.59665L1.39345 11.769C1.24077 11.9177 1.03591 12.0006 0.822802 12C0.598631 11.9997 0.384266 11.908 0.229241 11.746C-0.0851275 11.4157 -0.0749083 10.8937 0.25215 10.5759L4.98814 6.00001L0.25215 1.42414C-0.0749083 1.10633 -0.0851275 0.584348 0.229241 0.253972C0.380205 0.0958206 0.588017 0.00446116 0.806579 0.000159073C1.02514 -0.00414301 1.23639 0.0789679 1.39345 0.231056L6.748 5.40357C6.90894 5.56028 6.99981 5.77535 7 6.00001Z" fill="#3ab424"></path></svg></span><span>39,00 TL/kg</span></div><div class="ProductCard_footer__Fc9OL"><span class="ProductCard_price__10UHp">39,00 TL<svg width="12" height="12" viewBox="0 0 7 12" fill="none" xmlns="http://www.w3.org/2000/svg"><path d="M7 6.00001C6.99987 6.22475 6.90899 6.4399 6.748 6.59665L1.39345 11.769C1.24077 11.9177 1.03591 12.0006 0.822802 12C0.598631 11.9997 0.384266 11.908 0.229241 11.746C-0.0851275 11.4157 -0.0749083 10.8937 0.25215 10.5759L4.98814 6.00001L0.25215 1.42414C-0.0749083 1.10633 -0.0851275 0.584348 0.229241 0.253972C0.380205 0.0958206 0.588017 0.00446116 0.806579 0.000159073C1.02514 -0.00414301 1.23639 0.0789679 1.39345 0.231056L6.748 5.40357C6.90894 5.56028 6.99981 5.77535 7 6.00001Z" fill="#3ab424"></path></svg></span><span>39,00 TL/kg</span></div></div><div class="ProductCard_addListButton__30OB_"><div class="AddListButton_addListButton__ujsTf"><span>Listeye Eklendi</span></div></div></div></div><div class="Col_col__2vJhp Col_col-xs-6__G4j0a Col_col-md-4__3chrz Col_col-lg-3__7tZhB ProductList_productContainer__2JTlf"><div class="ProductCard_productCard__412iI" data-AB="ab-test"><a href="/market/toz-ve-kup-seker/en-ucuz-irmak-stick-4-kg-seker-fiyatlari,51424"><div class="ProductCard_actions__1LGjF ProductCard_hasTransition__1BTo4"><span id="ProductCard_counter__VIzjS"><span class="Counter_emptyCounter__7jLNj"><svg width="12" height="12" viewBox="0 0 14 14" fill="none" xmlns="http://www.w3.org/2000/svg"><path d="M6.83333 0.75C6.23503 0.75 5.75 1.23502 5.75 1.83333V5.75H1.83333C1.23502 5.75 0.75 6.23503 0.75 6.83333C0.75 7.43164 1.23503 7.91667 1.83333 7.91667H5.75V11.8333C5.75 12.4316 6.23503 12.9167 6.83333 12.9167C7.43164 12.9167 7.91667 12.4316 7.91667 11.8333V7.91667H11.8333C12.4316 7.91667 12.9167 7.43164 12.9167 6.83333C12.9167 6.23503 12.4316 5.75 11.8333 5.75H7.91667V1.83333C7.91667 1.23503 7.43164 0.75 6.83333 0.75Z" fill="#fff" stroke="#fff" stroke-width="0.5"></path></svg></span></span><span class="CounterForAB_emptyCounter__27X9P"><div style="display:flex;justify-content:flex-start;width:calc(100% - 32px);padding-left:8px"><span>Listeye Eklendi</span></div><svg width="12" height="12" viewBox="0 0 14 14" fill="none" xmlns="http://www.w3.org/2000/svg"><path d="M6.83333 0.75C6.23503 0.75 5.75 1.23502 5.75 1.83333V5.75H1.83333C1.23502 5.75 0.75 6.23503 0.75 6.83333C0.75 7.43164 1.23503 7.91667 1.83333 7.91667H5.75V11.8333C5.75 12.4316 6.23503 12.9167 6.83333 12.9167C7.43164 12.9167 7.91667 12.4316 7.91667 11.8333V7.91667H11.8333C12.4316 7.91667 12.9167 7.43164 12.9167 6.83333C12.9167 6.23503 12.4316 5.75 11.8333 5.75H7.91667V1.83333C7.91667 1.23503 7.43164 0.75 6.83333 0.75Z" fill="#fff" stroke="#fff" stroke-width="0.5"></path></svg></span></div><div class="ProductCard_imageContainer__ASSCc"><img alt="Irmak Stick 4 kg Şeker" src="https://cdn.cimri.io/market/88x88/irmak-stick-4-kg-seker-_280820.jpg" loading="lazy" srcSet="https://cdn.cimri.io/market/88x88/irmak-stick-4-kg-seker-_280820.jpg 1x, https://cdn.cimri.io/market/176x176/irmak-stick-4-kg-seker-_280820.jpg 2x" width="88" height="88"/></div><div class="ProductCard_productCardBody__dAwWi"><div class="ProductCard_productName__35zi5"><p>Irmak Stick 4 kg Şeker</p></div><div class="ProductCard_offers__2iP_C"><div class="WrapperBox_wrapper__1_OBD WrapperBox_left__2PpFA WrapperBox_small__VfD9r"><img alt="Haibrag" src="https://cdn.cimri.io/pictures/merchant-logos/11956.png?v=1" loading="lazy" width="50" height="24"/><span>+<!-- -->3<!-- --> satıcı</span></div></div></div><span class="ProductCard_oldPrice__1o3ky"></span></a><div><div class="ProductCard_footerWrapper__3L_-e"><span class="ProductCard_price__10UHp">283,69 TL<svg width="12" height="12" viewBox="0 0 7 12" fill="none" xmlns="http://www.w3.org/2000/svg"><path d="M7 6.00001C6.99987 6.22475 6.90899 6.4399 6.748 6.59665L1.39345 11.769C1.24077 11.9177 1.03591 12.0006 0.822802 12C0.598631 11.9997 0.384266 11.908 0.229241 11.746C-0.0851275 11.4157 -0.0749083 10.8937 0.25215 10.5759L4.98814 6.00001L0.25215 1.42414C-0.0749083 1.10633 -0.0851275 0.584348 0.229241 0.253972C0.380205 0.0958206 0.588017 0.00446116 0.806579 0.000159073C1.02514 -0.00414301 1.23639 0.0789679 1.39345 0.231056L6.748 5.40357C6.90894 5.56028 6.99981 5.77535 7 6.00001Z" fill="#3ab424"></path></svg></span><span>70,92 TL/kg</span></div><div class="ProductCard_footer__Fc9OL"><span class="ProductCard_price__10UHp">283,69 TL<svg width="12" height="12" viewBox="0 0 7 12" fill="none" xmlns="http://www.w3.org/2000/svg"><path d="M7 6.00001C6.99987 6.22475 6.90899 6.4399 6.748 6.59665L1.39345 11.769C1.24077 11.9177 1.03591 12.0006 0.822802 12C0.598631 11.9997 0.384266 11.908 0.229241 11.746C-0.0851275 11.4157 -0.0749083 10.8937 0.25215 10.5759L4.98814 6.00001L0.25215 1.42414C-0.0749083 1.10633 -0.0851275 0.584348 0.229241 0.253972C0.380205 0.0958206 0.588017 0.00446116 0.806579 0.000159073C1.02514 -0.00414301 1.23639 0.0789679 1.39345 0.231056L6.748 5.40357C6.90894 5.56028 6.99981 5.77535 7 6.00001Z" fill="#3ab424"></path></svg></span><span>70,92 TL/kg</span></div></div><div class="ProductCard_addListButton__30OB_"><div class="AddListButton_addListButton__ujsTf"><span>Listeye Eklendi</span></div></div></div></div><div class="Col_col__2vJhp Col_col-xs-6__G4j0a Col_col-md-4__3chrz Col_col-lg-3__7tZhB ProductList_productContainer__2JTlf"><div class="ProductCard_productCard__412iI" data-AB="ab-test"><a href="/market/toz-ve-kup-seker/en-ucuz-yazar-5-kg-kristal-toz-seker-fiyatlari,97722"><div class="ProductCard_discountBadge__2HnY4">↓%10</div><div class="ProductCard_popoverWrapper__2Ncvh"><span class="ProductCard_span__17o6b"></span><div class="ProductCard_popover__tf5mQ">Son 30 gün içerisindeki en ucuz fiyatlar üstünden hesaplanan indirim oranı</div></div><div class="ProductCard_actions__1LGjF ProductCard_hasTransition__1BTo4"><span id="ProductCard_counter__VIzjS"><span class="Counter_emptyCounter__7jLNj"><svg width="12" height="12" viewBox="0 0 14 14" fill="none" xmlns="http://www.w3.org/2000/svg"><path d="M6.83333 0.75C6.23503 0.75 5.75 1.23502 5.75 1.83333V5.75H1.83333C1.23502 5.75 0.75 6.23503 0.75 6.83333C0.75 7.43164 1.23503 7.91667 1.83333 7.91667H5.75V11.8333C5.75 12.4316 6.23503 12.9167 6.83333 12.9167C7.43164 12.9167 7.91667 12.4316 7.91667 11.8333V7.91667H11.8333C12.4316 7.91667 12.9167 7.43164 12.9167 6.83333C12.9167 6.23503 12.4316 5.75 11.8333 5.75H7.91667V1.83333C7.91667 1.23503 7.43164 0.75 6.83333 0.75Z" fill="#fff" stroke="#fff" stroke-width="0.5"></path></svg></span></span><span class="CounterForAB_emptyCounter__27X9P"><div style="display:flex;justify-content:flex-start;width:calc(100% - 32px);padding-left:8px"><span>Listeye Eklendi</span></div><svg width="12" height="12" viewBox="0 0 14 14" fill="none" xmlns="http://www.w3.org/2000/svg"><path d="M6.83333 0.75C6.23503 0.75 5.75 1.23502 5.75 1.83333V5.75H1.83333C1.23502 5.75 0.75 6.23503 0.75 6.83333C0.75 7.43164 1.23503 7.91667 1.83333 7.91667H5.75V11.8333C5.75 12.4316 6.23503 12.9167 6.83333 12.9167C7.43164 12.9167 7.91667 12.4316 7.91667 11.8333V7.91667H11.8333C12.4316 7.91667 12.9167 7.43164 12.9167 6.83333C12.9167 6.23503 12.4316 5.75 11.8333 5.75H7.91667V1.83333C7.91667 1.23503 7.43164 0.75 6.83333 0.75Z" fill="#fff" stroke="#fff" stroke-width="0.5"></path></svg></span></div><div class="ProductCard_imageContainer__ASSCc"><img alt="Yazar 5 kg Kristal Toz Şeker" src="https://cdn.cimri.io/market/88x88/yazar-5-kg-kristal-toz-seker-_1978022.jpg" loading="lazy" srcSet="https://cdn.cimri.io/market/88x88/yazar-5-kg-kristal-toz-seker-_1978022.jpg 1x, https://cdn.cimri.io/market/176x176/yazar-5-kg-kristal-toz-seker-_1978022.jpg 2x" width="88" height="88"/></div><div class="ProductCard_productCardBody__dAwWi"><div class="ProductCard_productName__35zi5"><p>Yazar 5 kg Kristal Toz Şeker</p></div><div class="ProductCard_offers__2iP_C"><div class="WrapperBox_wrapper__1_OBD WrapperBox_left__2PpFA WrapperBox_small__VfD9r"><img alt="PttAVM" src="https://cdn.cimri.io/pictures/merchant-logos/11512.png?v=1" loading="lazy" width="50" height="24"/><span>+<!-- -->1<!-- --> satıcı</span></div></div></div><span class="ProductCard_oldPrice__1o3ky">271,36</span></a><div><div class="ProductCard_footerWrapper__3L_-e"><span class="ProductCard_price__10UHp">244,23 TL<svg width="12" height="12" viewBox="0 0 7 12" fill="none" xmlns="http://www.w3.org/2000/svg"><path d="M7 6.00001C6.99987 6.22475 6.90899 6.4399 6.748 6.59665L1.39345 11.769C1.24077 11.9177 1.03591 12.0006 0.822802 12C0.598631 11.9997 0.384266 11.908 0.229241 11.746C-0.0851275 11.4157 -0.0749083 10.8937 0.25215 10.5759L4.98814 6.00001L0.25215 1.42414C-0.0749083 1.10633 -0.0851275 0.584348 0.229241 0.253972C0.380205 0.0958206 0.588017 0.00446116 0.806579 0.000159073C1.02514 -0.00414301 1.23639 0.0789679 1.39345 0.231056L6.748 5.40357C6.90894 5.56028 6.99981 5.77535 7 6.00001Z" fill="#3ab424"></path></svg></span><span>16,28 TL/kg</span></div><div class="ProductCard_footer__Fc9OL"><span class="ProductCard_price__10UHp">244,23 TL<svg width="12" height="12" viewBox="0 0 7 12" fill="none" xmlns="http://www.w3.org/2000/svg"><path d="M7 6.00001C6.99987 6.22475 6.90899 6.4399 6.748 6.59665L1.39345 11.769C1.24077 11.9177 1.03591 12.0006 0.822802 12C0.598631 11.9997 0.384266 11.908 0.229241 11.746C-0.0851275 11.4157 -0.0749083 10.8937 0.25215 10.5759L4.98814 6.00001L0.25215 1.42414C-0.0749083 1.10633 -0.0851275 0.584348 0.229241 0.253972C0.380205 0.0958206 0.588017 0.00446116 0.806579 0.000159073C1.02514 -0.00414301 1.23639 0.0789679 1.39345 0.231056L6.748 5.40357C6.90894 5.56028 6.99981 5.77535 7 6.00001Z" fill="#3ab424"></path></svg></span><span>16,28 TL/kg</span></div></div><div class="ProductCard_addListButton__30OB_"><div class="AddListButton_addListButton__ujsTf"><span>Listeye Eklendi</span></div></div></div></div><div class="Col_col__2vJhp Col_col-xs-6__G4j0a Col_col-md-4__3chrz Col_col-lg-3__7tZhB ProductList_productContainer__2JTlf"><div class="ProductCard_productCard__412iI" data-AB="ab-test"><a href="/market/toz-ve-kup-seker/en-ucuz-basak-5-kg-toz-seker-fiyatlari,810032"><div class="ProductCard_actions__1LGjF ProductCard_hasTransition__1BTo4"><span id="ProductCard_counter__VIzjS"><span class="Counter_emptyCounter__7jLNj"><svg width="12" height="12" viewBox="0 0 14 14" fill="none" xmlns="http://www.w3.org/2000/svg"><path d="M6.83333 0.75C6.23503 0.75 5.75 1.23502 5.75 1.83333V5.75H1.83333C1.23502 5.75 0.75 6.23503 0.75 6.83333C0.75 7.43164 1.23503 7.91667 1.83333 7.91667H5.75V11.8333C5.75 12.4316 6.23503 12.9167 6.83333 12.9167C7.43164 12.9167 7.91667 12.4316 7.91667 11.8333V7.91667H11.8333C12.4316 7.91667 12.9167 7.43164 12.9167 6.83333C12.9167 6.23503 12.4316 5.75 11.8333 5.75H7.91667V1.83333C7.91667 1.23503 7.43164 0.75 6.83333 0.75Z" fill="#fff" stroke="#fff" stroke-width="0.5"></path></svg></span></span><span class="CounterForAB_emptyCounter__27X9P"><div style="display:flex;justify-content:flex-start;width:calc(100% - 32px);padding-left:8px"><span>Listeye Eklendi</span></div><svg width="12" height="12" viewBox="0 0 14 14" fill="none" xmlns="http://www.w3.org/2000/svg"><path d="M6.83333 0.75C6.23503 0.75 5.75 1.23502 5.75 1.83333V5.75H1.83333C1.23502 5.75 0.75 6.23503 0.75 6.83333C0.75 7.43164 1.23503 7.91667 1.83333 7.91667H5.75V11.8333C5.75 12.4316 6.23503 12.9167 6.83333 12.9167C7.43164 12.9167 7.91667 12.4316 7.91667 11.8333V7.91667H11.8333C12.4316 7.91667 12.9167 7.43164 12.9167 6.83333C12.9167 6.23503 12.4316 5.75 11.8333 5.75H7.91667V1.83333C7.91667 1.23503 7.43164 0.75 6.83333 0.75Z" fill="#fff" stroke="#fff" stroke-width="0.5"></path></svg></span></div><div class="ProductCard_imageContainer__ASSCc"><img alt="Başak 5 kg Toz Şeker" src="https://cdn.cimri.io/market/88x88/basak-5-kg-toz-seker-_794234.jpg" loading="lazy" srcSet="https://cdn.cimri.io/market/88x88/basak-5-kg-toz-seker-_794234.jpg 1x, https://cdn.cimri.io/market/176x176/basak-5-kg-toz-seker-_794234.jpg 2x" width="88" height="88"/></div><div class="ProductCard_productCardBody__dAwWi"><div class="ProductCard_productName__35zi5"><p>Başak 5 kg Toz Şeker</p></div><div class="ProductCard_offers__2iP_C"><div class="WrapperBox_wrapper__1_OBD WrapperBox_left__2PpFA WrapperBox_small__VfD9r"><img alt="PttAVM" src="https://cdn.cimri.io/pictures/merchant-logos/11512.png?v=1" loading="lazy" width="50" height="24"/><span>+<!-- -->2<!-- --> satıcı</span></div></div></div><span class="ProductCard_oldPrice__1o3ky"></span></a><div><div class="ProductCard_footerWrapper__3L_-e"><span class="ProductCard_price__10UHp">272,30 TL<svg width="12" height="12" viewBox="0 0 7 12" fill="none" xmlns="http://www.w3.org/2000/svg"><path d="M7 6.00001C6.99987 6.22475 6.90899 6.4399 6.748 6.59665L1.39345 11.769C1.24077 11.9177 1.03591 12.0006 0.822802 12C0.598631 11.9997 0.384266 11.908 0.229241 11.746C-0.0851275 11.4157 -0.0749083 10.8937 0.25215 10.5759L4.98814 6.00001L0.25215 1.42414C-0.0749083 1.10633 -0.0851275 0.584348 0.229241 0.253972C0.380205 0.0958206 0.588017 0.00446116 0.806579 0.000159073C1.02514 -0.00414301 1.23639 0.0789679 1.39345 0.231056L6.748 5.40357C6.90894 5.56028 6.99981 5.77535 7 6.00001Z" fill="#3ab424"></path></svg></span><span>54,46 TL/kg</span></div><div class="ProductCard_footer__Fc9OL"><span class="ProductCard_price__10UHp">272,30 TL<svg width="12" height="12" viewBox="0 0 7 12" fill="none" xmlns="http://www.w3.org/2000/svg"><path d="M7 6.00001C6.99987 6.22475 6.90899 6.4399 6.748 6.59665L1.39345 11.769C1.24077 11.9177 1.03591 12.0006 0.822802 12C0.598631 11.9997 0.384266 11.908 0.229241 11.746C-0.0851275 11.4157 -0.0749083 10.8937 0.25215 10.5759L4.98814 6.00001L0.25215 1.42414C-0.0749083 1.10633 -0.0851275 0.584348 0.229241 0.253972C0.380205 0.0958206 0.588017 0.00446116 0.806579 0.000159073C1.02514 -0.00414301 1.23639 0.0789679 1.39345 0.231056L6.748 5.40357C6.90894 5.56028 6.99981 5.77535 7 6.00001Z" fill="#3ab424"></path></svg></span><span>54,46 TL/kg</span></div></div><div class="ProductCard_addListButton__30OB_"><div class="AddListButton_addListButton__ujsTf"><span>Listeye Eklendi</span></div></div></div></div><div class="Col_col__2vJhp Col_col-xs-6__G4j0a Col_col-md-4__3chrz Col_col-lg-3__7tZhB ProductList_productContainer__2JTlf"><div class="ProductCard_productCard__412iI" data-AB="ab-test"><a href="/market/toz-ve-kup-seker/en-ucuz-carrefour-5-kg-toz-seker-fiyatlari,136527"><div class="ProductCard_actions__1LGjF ProductCard_hasTransition__1BTo4"><span id="ProductCard_counter__VIzjS"><span class="Counter_emptyCounter__7jLNj"><svg width="12" height="12" viewBox="0 0 14 14" fill="none" xmlns="http://www.w3.org/2000/svg"><path d="M6.83333 0.75C6.23503 0.75 5.75 1.23502 5.75 1.83333V5.75H1.83333C1.23502 5.75 0.75 6.23503 0.75 6.83333C0.75 7.43164 1.23503 7.91667 1.83333 7.91667H5.75V11.8333C5.75 12.4316 6.23503 12.9167 6.83333 12.9167C7.43164 12.9167 7.91667 12.4316 7.91667 11.8333V7.91667H11.8333C12.4316 7.91667 12.9167 7.43164 12.9167 6.83333C12.9167 6.23503 12.4316 5.75 11.8333 5.75H7.91667V1.83333C7.91667 1.23503 7.43164 0.75 6.83333 0.75Z" fill="#fff" stroke="#fff" stroke-width="0.5"></path></svg></span></span><span class="CounterForAB_emptyCounter__27X9P"><div style="display:flex;justify-content:flex-start;width:calc(100% - 32px);padding-left:8px"><span>Listeye Eklendi</span></div><svg width="12" height="12" viewBox="0 0 14 14" fill="none" xmlns="http://www.w3.org/2000/svg"><path d="M6.83333 0.75C6.23503 0.75 5.75 1.23502 5.75 1.83333V5.75H1.83333C1.23502 5.75 0.75 6.23503 0.75 6.83333C0.75 7.43164 1.23503 7.91667 1.83333 7.91667H5.75V11.8333C5.75 12.4316 6.23503 12.9167 6.83333 12.9167C7.43164 12.9167 7.91667 12.4316 7.91667 11.8333V7.91667H11.8333C12.4316 7.91667 12.9167 7.43164 12.9167 6.83333C12.9167 6.23503 12.4316 5.75 11.8333 5.75H7.91667V1.83333C7.91667 1.23503 7.43164 0.75 6.83333 0.75Z" fill="#fff" stroke="#fff" stroke-width="0.5"></path></svg></span></div><div class="ProductCard_imageContainer__ASSCc"><img alt="Carrefour 5 kg Toz Şeker" src="https://cdn.cimri.io/market/88x88/carrefour-5-kg-toz-seker-_322953.jpg" loading="lazy" srcSet="https://cdn.cimri.io/market/88x88/carrefour-5-kg-toz-seker-_322953.jpg 1x, https://cdn.cimri.io/market/176x176/carrefour-5-kg-toz-seker-_322953.jpg 2x" width="88" height="88"/></div><div class="ProductCard_productCardBody__dAwWi"><div class="ProductCard_productName__35zi5"><p>Carrefour 5 kg Toz Şeker</p></div><div class="ProductCard_offers__2iP_C"><div class="WrapperBox_wrapper__1_OBD WrapperBox_left__2PpFA WrapperBox_small__VfD9r"><img alt="Carrefoursa" src="https://cdn.cimri.io/pictures/merchant-logos/4512.png?v=1" loading="lazy" width="50" height="24"/><span>+<!-- -->2<!-- --> satıcı</span></div></div></div><span class="ProductCard_oldPrice__1o3ky"></span></a><div><div class="ProductCard_footerWrapper__3L_-e"><span class="ProductCard_price__10UHp">174,50 TL<svg width="12" height="12" viewBox="0 0 7 12" fill="none" xmlns="http://www.w3.org/2000/svg"><path d="M7 6.00001C6.99987 6.22475 6.90899 6.4399 6.748 6.59665L1.39345 11.769C1.24077 11.9177 1.03591 12.0006 0.822802 12C0.598631 11.9997 0.384266 11.908 0.229241 11.746C-0.0851275 11.4157 -0.0749083 10.8937 0.25215 10.5759L4.98814 6.00001L0.25215 1.42414C-0.0749083 1.10633 -0.0851275 0.584348 0.229241 0.253972C0.380205 0.0958206 0.588017 0.00446116 0.806579 0.000159073C1.02514 -0.00414301 1.23639 0.0789679 1.39345 0.231056L6.748 5.40357C6.90894 5.56028 6.99981 5.77535 7 6.00001Z" fill="#3ab424"></path></svg></span><span>34,90 TL/kg</span></div><div class="ProductCard_footer__Fc9OL"><span class="ProductCard_price__10UHp">174,50 TL<svg width="12" height="12" viewBox="0 0 7 12" fill="none" xmlns="http://www.w3.org/2000/svg"><path d="M7 6.00001C6.99987 6.22475 6.90899 6.4399 6.748 6.59665L1.39345 11.769C1.24077 11.9177 1.03591 12.0006 0.822802 12C0.598631 11.9997 0.384266 11.908 0.229241 11.746C-0.0851275 11.4157 -0.0749083 10.8937 0.25215 10.5759L4.98814 6.00001L0.25215 1.42414C-0.0749083 1.10633 -0.0851275 0.584348 0.229241 0.253972C0.380205 0.0958206 0.588017 0.00446116 0.806579 0.000159073C1.02514 -0.00414301 1.23639 0.0789679 1.39345 0.231056L6.748 5.40357C6.90894 5.56028 6.99981 5.77535 7 6.00001Z" fill="#3ab424"></path></svg></span><span>34,90 TL/kg</span></div></div><div class="ProductCard_addListButton__30OB_"><div class="AddListButton_addListButton__ujsTf"><span>Listeye Eklendi</span></div></div></div></div><div class="Col_col__2vJhp Col_col-xs-6__G4j0a Col_col-md-4__3chrz Col_col-lg-3__7tZhB ProductList_productContainer__2JTlf"><div class="ProductCard_productCard__412iI" data-AB="ab-test"><a href="/market/toz-ve-kup-seker/en-ucuz-irmak-1-kg-toz-seker-fiyatlari,51441"><div class="ProductCard_actions__1LGjF ProductCard_hasTransition__1BTo4"><span id="ProductCard_counter__VIzjS"><span class="Counter_emptyCounter__7jLNj"><svg width="12" height="12" viewBox="0 0 14 14" fill="none" xmlns="http://www.w3.org/2000/svg"><path d="M6.83333 0.75C6.23503 0.75 5.75 1.23502 5.75 1.83333V5.75H1.83333C1.23502 5.75 0.75 6.23503 0.75 6.83333C0.75 7.43164 1.23503 7.91667 1.83333 7.91667H5.75V11.8333C5.75 12.4316 6.23503 12.9167 6.83333 12.9167C7.43164 12.9167 7.91667 12.4316 7.91667 11.8333V7.91667H11.8333C12.4316 7.91667 12.9167 7.43164 12.9167 6.83333C12.9167 6.23503 12.4316 5.75 11.8333 5.75H7.91667V1.83333C7.91667 1.23503 7.43164 0.75 6.83333 0.75Z" fill="#fff" stroke="#fff" stroke-width="0.5"></path></svg></span></span><span class="CounterForAB_emptyCounter__27X9P"><div style="display:flex;justify-content:flex-start;width:calc(100% - 32px);padding-left:8px"><span>Listeye Eklendi</span></div><svg width="12" height="12" viewBox="0 0 14 14" fill="none" xmlns="http://www.w3.org/2000/svg"><path d="M6.83333 0.75C6.23503 0.75 5.75 1.23502 5.75 1.83333V5.75H1.83333C1.23502 5.75 0.75 6.23503 0.75 6.83333C0.75 7.43164 1.23503 7.91667 1.83333 7.91667H5.75V11.8333C5.75 12.4316 6.23503 12.9167 6.83333 12.9167C7.43164 12.9167 7.91667 12.4316 7.91667 11.8333V7.91667H11.8333C12.4316 7.91667 12.9167 7.43164 12.9167 6.83333C12.9167 6.23503 12.4316 5.75 11.8333 5.75H7.91667V1.83333C7.91667 1.23503 7.43164 0.75 6.83333 0.75Z" fill="#fff" stroke="#fff" stroke-width="0.5"></path></svg></span></div><div class="ProductCard_imageContainer__ASSCc"><img alt="Irmak 1 kg Toz Şeker" src="https://cdn.cimri.io/market/88x88/irmak-1-kg-toz-seker-_280836.jpg" loading="lazy" srcSet="https://cdn.cimri.io/market/88x88/irmak-1-kg-toz-seker-_280836.jpg 1x, https://cdn.cimri.io/market/176x176/irmak-1-kg-toz-seker-_280836.jpg 2x" width="88" height="88"/></div><div class="ProductCard_productCardBody__dAwWi"><div class="ProductCard_productName__35zi5"><p>Irmak 1 kg Toz Şeker</p></div><div class="ProductCard_offers__2iP_C"><div class="WrapperBox_wrapper__1_OBD WrapperBox_left__2PpFA WrapperBox_small__VfD9r"><img alt="Carrefour" src="https://cdn.cimri.io/pictures/merchant-logos/15058.png?v=1" loading="lazy" width="50" height="24"/><span>+<!-- -->7<!-- --> satıcı</span></div></div></div><span class="ProductCard_oldPrice__1o3ky"></span></a><a href="/market/toz-ve-kup-seker/en-ucuz-irmak-1-kg-toz-seker-fiyatlari,51441"><div class="ProductCard_footer__Fc9OL"><span class="ProductCard_price__10UHp">26,90 TL</span><span>26,90 TL/kg</span></div></a><div class="ProductCard_addListButton__30OB_"><div class="AddListButton_addListButton__ujsTf"><span>Listeye Eklendi</span></div></div></div></div><div class="Col_col__2vJhp Col_col-xs-6__G4j0a Col_col-md-4__3chrz Col_col-lg-3__7tZhB ProductList_productContainer__2JTlf"><div class="ProductCard_productCard__412iI" data-AB="ab-test"><a href="/market/toz-ve-kup-seker/en-ucuz-nar-1-kg-kup-seker-fiyatlari,810040"><div class="ProductCard_actions__1LGjF ProductCard_hasTransition__1BTo4"><span id="ProductCard_counter__VIzjS"><span class="Counter_emptyCounter__7jLNj"><svg width="12" height="12" viewBox="0 0 14 14" fill="none" xmlns="http://www.w3.org/2000/svg"><path d="M6.83333 0.75C6.23503 0.75 5.75 1.23502 5.75 1.83333V5.75H1.83333C1.23502 5.75 0.75 6.23503 0.75 6.83333C0.75 7.43164 1.23503 7.91667 1.83333 7.91667H5.75V11.8333C5.75 12.4316 6.23503 12.9167 6.83333 12.9167C7.43164 12.9167 7.91667 12.4316 7.91667 11.8333V7.91667H11.8333C12.4316 7.91667 12.9167 7.43164 12.9167 6.83333C12.9167 6.23503 12.4316 5.75 11.8333 5.75H7.91667V1.83333C7.91667 1.23503 7.43164 0.75 6.83333 0.75Z" fill="#fff" stroke="#fff" stroke-width="0.5"></path></svg></span></span><span class="CounterForAB_emptyCounter__27X9P"><div style="display:flex;justify-content:flex-start;width:calc(100% - 32px);padding-left:8px"><span>Listeye Eklendi</span></div><svg width="12" height="12" viewBox="0 0 14 14" fill="none" xmlns="http://www.w3.org/2000/svg"><path d="M6.83333 0.75C6.23503 0.75 5.75 1.23502 5.75 1.83333V5.75H1.83333C1.23502 5.75 0.75 6.23503 0.75 6.83333C0.75 7.43164 1.23503 7.91667 1.83333 7.91667H5.75V11.8333C5.75 12.4316 6.23503 12.9167 6.83333 12.9167C7.43164 12.9167 7.91667 12.4316 7.91667 11.8333V7.91667H11.8333C12.4316 7.91667 12.9167 7.43164 12.9167 6.83333C12.9167 6.23503 12.4316 5.75 11.8333 5.75H7.91667V1.83333C7.91667 1.23503 7.43164 0.75 6.83333 0.75Z" fill="#fff" stroke="#fff" stroke-width="0.5"></path></svg></span></div><div class="ProductCard_imageContainer__ASSCc"><img alt="Nar 1 kg Küp Şeker" src="https://cdn.cimri.io/market/88x88/nar-1-kg-kup-seker-_765696.jpg" loading="lazy" srcSet="https://cdn.cimri.io/market/88x88/nar-1-kg-kup-seker-_765696.jpg 1x, https://cdn.cimri.io/market/176x176/nar-1-kg-kup-seker-_765696.jpg 2x" width="88" height="88"/></div><div class="ProductCard_productCardBody__dAwWi"><div class="ProductCard_productName__35zi5"><p>Nar 1 kg Küp Şeker</p></div><div class="ProductCard_offers__2iP_C"><div class="WrapperBox_wrapper__1_OBD WrapperBox_left__2PpFA WrapperBox_small__VfD9r"><img alt="Getir Büyük" src="https://cdn.cimri.io/pictures/merchant-logos/16743.png?v=1" loading="lazy" width="50" height="24"/><span>+<!-- -->4<!-- --> satıcı</span></div></div></div><span class="ProductCard_oldPrice__1o3ky"></span></a><div><div class="ProductCard_footerWrapper__3L_-e"><span class="ProductCard_price__10UHp">47,50 TL<svg width="12" height="12" viewBox="0 0 7 12" fill="none" xmlns="http://www.w3.org/2000/svg"><path d="M7 6.00001C6.99987 6.22475 6.90899 6.4399 6.748 6.59665L1.39345 11.769C1.24077 11.9177 1.03591 12.0006 0.822802 12C0.598631 11.9997 0.384266 11.908 0.229241 11.746C-0.0851275 11.4157 -0.0749083 10.8937 0.25215 10.5759L4.98814 6.00001L0.25215 1.42414C-0.0749083 1.10633 -0.0851275 0.584348 0.229241 0.253972C0.380205 0.0958206 0.588017 0.00446116 0.806579 0.000159073C1.02514 -0.00414301 1.23639 0.0789679 1.39345 0.231056L6.748 5.40357C6.90894 5.56028 6.99981 5.77535 7 6.00001Z" fill="#3ab424"></path></svg></span><span>47,50 TL/kg</span></div><div class="ProductCard_footer__Fc9OL"><span class="ProductCard_price__10UHp">47,50 TL<svg width="12" height="12" viewBox="0 0 7 12" fill="none" xmlns="http://www.w3.org/2000/svg"><path d="M7 6.00001C6.99987 6.22475 6.90899 6.4399 6.748 6.59665L1.39345 11.769C1.24077 11.9177 1.03591 12.0006 0.822802 12C0.598631 11.9997 0.384266 11.908 0.229241 11.746C-0.0851275 11.4157 -0.0749083 10.8937 0.25215 10.5759L4.98814 6.00001L0.25215 1.42414C-0.0749083 1.10633 -0.0851275 0.584348 0.229241 0.253972C0.380205 0.0958206 0.588017 0.00446116 0.806579 0.000159073C1.02514 -0.00414301 1.23639 0.0789679 1.39345 0.231056L6.748 5.40357C6.90894 5.56028 6.99981 5.77535 7 6.00001Z" fill="#3ab424"></path></svg></span><span>47,50 TL/kg</span></div></div><div class="ProductCard_addListButton__30OB_"><div class="AddListButton_addListButton__ujsTf"><span>Listeye Eklendi</span></div></div></div></div><div class="Col_col__2vJhp Col_col-xs-6__G4j0a Col_col-md-4__3chrz Col_col-lg-3__7tZhB ProductList_productContainer__2JTlf"><div class="ProductCard_productCard__412iI" data-AB="ab-test"><a href="/market/toz-ve-kup-seker/en-ucuz-bal-kupu-3-kg-kristal-seker-fiyatlari,1414723"><div class="ProductCard_actions__1LGjF ProductCard_hasTransition__1BTo4"><span id="ProductCard_counter__VIzjS"><span class="Counter_emptyCounter__7jLNj"><svg width="12" height="12" viewBox="0 0 14 14" fill="none" xmlns="http://www.w3.org/2000/svg"><path d="M6.83333 0.75C6.23503 0.75 5.75 1.23502 5.75 1.83333V5.75H1.83333C1.23502 5.75 0.75 6.23503 0.75 6.83333C0.75 7.43164 1.23503 7.91667 1.83333 7.91667H5.75V11.8333C5.75 12.4316 6.23503 12.9167 6.83333 12.9167C7.43164 12.9167 7.91667 12.4316 7.91667 11.8333V7.91667H11.8333C12.4316 7.91667 12.9167 7.43164 12.9167 6.83333C12.9167 6.23503 12.4316 5.75 11.8333 5.75H7.91667V1.83333C7.91667 1.23503 7.43164 0.75 6.83333 0.75Z" fill="#fff" stroke="#fff" stroke-width="0.5"></path></svg></span></span><span class="CounterForAB_emptyCounter__27X9P"><div style="display:flex;justify-content:flex-start;width:calc(100% - 32px);padding-left:8px"><span>Listeye Eklendi</span></div><svg width="12" height="12" viewBox="0 0 14 14" fill="none" xmlns="http://www.w3.org/2000/svg"><path d="M6.83333 0.75C6.23503 0.75 5.75 1.23502 5.75 1.83333V5.75H1.83333C1.23502 5.75 0.75 6.23503 0.75 6.83333C0.75 7.43164 1.23503 7.91667 1.83333 7.91667H5.75V11.8333C5.75 12.4316 6.23503 12.9167 6.83333 12.9167C7.43164 12.9167 7.91667 12.4316 7.91667 11.8333V7.91667H11.8333C12.4316 7.91667 12.9167 7.43164 12.9167 6.83333C12.9167 6.23503 12.4316 5.75 11.8333 5.75H7.91667V1.83333C7.91667 1.23503 7.43164 0.75 6.83333 0.75Z" fill="#fff" stroke="#fff" stroke-width="0.5"></path></svg></span></div><div class="ProductCard_imageContainer__ASSCc"><img alt="Bal Küpü 3 kg Kristal Şeker" src="https://cdn.cimri.io/market/88x88/bal-kupu-3-kg-kristal-seker-_1866271.jpg" loading="lazy" srcSet="https://cdn.cimri.io/market/88x88/bal-kupu-3-kg-kristal-seker-_1866271.jpg 1x, https://cdn.cimri.io/market/176x176/bal-kupu-3-kg-kristal-seker-_1866271.jpg 2x" width="88" height="88"/></div><div class="ProductCard_productCardBody__dAwWi"><div class="ProductCard_productName__35zi5"><p>Bal Küpü 3 kg Kristal Şeker</p></div><div class="ProductCard_offers__2iP_C"><div class="WrapperBox_wrapper__1_OBD WrapperBox_left__2PpFA WrapperBox_small__VfD9r"><img alt="Carrefour" src="https://cdn.cimri.io/pictures/merchant-logos/15058.png?v=1" loading="lazy" width="50" height="24"/><span>+<!-- -->8<!-- --> satıcı</span></div></div></div><span class="ProductCard_oldPrice__1o3ky"></span></a><a href="/market/toz-ve-kup-seker/en-ucuz-bal-kupu-3-kg-kristal-seker-fiyatlari,1414723"><div class="ProductCard_footer__Fc9OL"><span class="ProductCard_price__10UHp">109,90 TL</span></div></a><div class="ProductCard_addListButton__30OB_"><div class="AddListButton_addListButton__ujsTf"><span>Listeye Eklendi</span></div></div></div></div><div class="Col_col__2vJhp Col_col-xs-6__G4j0a Col_col-md-4__3chrz Col_col-lg-3__7tZhB ProductList_productContainer__2JTlf"><div class="ProductCard_productCard__412iI" data-AB="ab-test"><a href="/market/toz-ve-kup-seker/en-ucuz-pekseker-5-kg-toz-seker-fiyatlari,51444"><div class="ProductCard_discountBadge__2HnY4">↓%2</div><div class="ProductCard_popoverWrapper__2Ncvh"><span class="ProductCard_span__17o6b"></span><div class="ProductCard_popover__tf5mQ">Son 30 gün içerisindeki en ucuz fiyatlar üstünden hesaplanan indirim oranı</div></div><div class="ProductCard_actions__1LGjF ProductCard_hasTransition__1BTo4"><span id="ProductCard_counter__VIzjS"><span class="Counter_emptyCounter__7jLNj"><svg width="12" height="12" viewBox="0 0 14 14" fill="none" xmlns="http://www.w3.org/2000/svg"><path d="M6.83333 0.75C6.23503 0.75 5.75 1.23502 5.75 1.83333V5.75H1.83333C1.23502 5.75 0.75 6.23503 0.75 6.83333C0.75 7.43164 1.23503 7.91667 1.83333 7.91667H5.75V11.8333C5.75 12.4316 6.23503 12.9167 6.83333 12.9167C7.43164 12.9167 7.91667 12.4316 7.91667 11.8333V7.91667H11.8333C12.4316 7.91667 12.9167 7.43164 12.9167 6.83333C12.9167 6.23503 12.4316 5.75 11.8333 5.75H7.91667V1.83333C7.91667 1.23503 7.43164 0.75 6.83333 0.75Z" fill="#fff" stroke="#fff" stroke-width="0.5"></path></svg></span></span><span class="CounterForAB_emptyCounter__27X9P"><div style="display:flex;justify-content:flex-start;width:calc(100% - 32px);padding-left:8px"><span>Listeye Eklendi</span></div><svg width="12" height="12" viewBox="0 0 14 14" fill="none" xmlns="http://www.w3.org/2000/svg"><path d="M6.83333 0.75C6.23503 0.75 5.75 1.23502 5.75 1.83333V5.75H1.83333C1.23502 5.75 0.75 6.23503 0.75 6.83333C0.75 7.43164 1.23503 7.91667 1.83333 7.91667H5.75V11.8333C5.75 12.4316 6.23503 12.9167 6.83333 12.9167C7.43164 12.9167 7.91667 12.4316 7.91667 11.8333V7.91667H11.8333C12.4316 7.91667 12.9167 7.43164 12.9167 6.83333C12.9167 6.23503 12.4316 5.75 11.8333 5.75H7.91667V1.83333C7.91667 1.23503 7.43164 0.75 6.83333 0.75Z" fill="#fff" stroke="#fff" stroke-width="0.5"></path></svg></span></div><div class="ProductCard_imageContainer__ASSCc"><img alt="Pekşeker 5 kg Toz Şeker" src="https://cdn.cimri.io/market/88x88/pekseker-5-kg-toz-seker-_280839.jpg" loading="lazy" srcSet="https://cdn.cimri.io/market/88x88/pekseker-5-kg-toz-seker-_280839.jpg 1x, https://cdn.cimri.io/market/176x176/pekseker-5-kg-toz-seker-_280839.jpg 2x" width="88" height="88"/></div><div class="ProductCard_productCardBody__dAwWi"><div class="ProductCard_productName__35zi5"><p>Pekşeker 5 kg Toz Şeker</p></div><div class="ProductCard_offers__2iP_C"><div class="WrapperBox_wrapper__1_OBD WrapperBox_left__2PpFA WrapperBox_small__VfD9r"><img alt="Hakmarekspress" src="https://cdn.cimri.io/pictures/merchant-logos/15060.png?v=1" loading="lazy" width="50" height="24"/><span>+<!-- -->2<!-- --> satıcı</span></div></div></div><span class="ProductCard_oldPrice__1o3ky">149,14</span></a><a href="/market/toz-ve-kup-seker/en-ucuz-pekseker-5-kg-toz-seker-fiyatlari,51444"><div class="ProductCard_footer__Fc9OL"><span class="ProductCard_price__10UHp">145,90 TL</span><span>29,18 TL/kg</span></div></a><div class="ProductCard_addListButton__30OB_"><div class="AddListButton_addListButton__ujsTf"><span>Listeye Eklendi</span></div></div></div></div><div class="Col_col__2vJhp Col_col-xs-6__G4j0a Col_col-md-4__3chrz Col_col-lg-3__7tZhB ProductList_productContainer__2JTlf"><div class="ProductCard_productCard__412iI" data-AB="ab-test"><a href="/market/toz-ve-kup-seker/en-ucuz-gul-aras-405-adet-1-kg-kup-seker-fiyatlari,1162925"><div class="ProductCard_actions__1LGjF ProductCard_hasTransition__1BTo4"><span id="ProductCard_counter__VIzjS"><span class="Counter_emptyCounter__7jLNj"><svg width="12" height="12" viewBox="0 0 14 14" fill="none" xmlns="http://www.w3.org/2000/svg"><path d="M6.83333 0.75C6.23503 0.75 5.75 1.23502 5.75 1.83333V5.75H1.83333C1.23502 5.75 0.75 6.23503 0.75 6.83333C0.75 7.43164 1.23503 7.91667 1.83333 7.91667H5.75V11.8333C5.75 12.4316 6.23503 12.9167 6.83333 12.9167C7.43164 12.9167 7.91667 12.4316 7.91667 11.8333V7.91667H11.8333C12.4316 7.91667 12.9167 7.43164 12.9167 6.83333C12.9167 6.23503 12.4316 5.75 11.8333 5.75H7.91667V1.83333C7.91667 1.23503 7.43164 0.75 6.83333 0.75Z" fill="#fff" stroke="#fff" stroke-width="0.5"></path></svg></span></span><span class="CounterForAB_emptyCounter__27X9P"><div style="display:flex;justify-content:flex-start;width:calc(100% - 32px);padding-left:8px"><span>Listeye Eklendi</span></div><svg width="12" height="12" viewBox="0 0 14 14" fill="none" xmlns="http://www.w3.org/2000/svg"><path d="M6.83333 0.75C6.23503 0.75 5.75 1.23502 5.75 1.83333V5.75H1.83333C1.23502 5.75 0.75 6.23503 0.75 6.83333C0.75 7.43164 1.23503 7.91667 1.83333 7.91667H5.75V11.8333C5.75 12.4316 6.23503 12.9167 6.83333 12.9167C7.43164 12.9167 7.91667 12.4316 7.91667 11.8333V7.91667H11.8333C12.4316 7.91667 12.9167 7.43164 12.9167 6.83333C12.9167 6.23503 12.4316 5.75 11.8333 5.75H7.91667V1.83333C7.91667 1.23503 7.43164 0.75 6.83333 0.75Z" fill="#fff" stroke="#fff" stroke-width="0.5"></path></svg></span></div><div class="ProductCard_imageContainer__ASSCc"><img alt="Gül Aras 405 Adet 1 kg Küp Şeker" src="https://cdn.cimri.io/market/88x88/gul-aras-405-adet-1-kg-kup-seker-_1434908.jpg" loading="lazy" srcSet="https://cdn.cimri.io/market/88x88/gul-aras-405-adet-1-kg-kup-seker-_1434908.jpg 1x, https://cdn.cimri.io/market/176x176/gul-aras-405-adet-1-kg-kup-seker-_1434908.jpg 2x" width="88" height="88"/></div><div class="ProductCard_productCardBody__dAwWi"><div class="ProductCard_productName__35zi5"><p>Gül Aras 405 Adet 1 kg Küp Şeker</p></div><div class="ProductCard_offers__2iP_C"><div class="WrapperBox_wrapper__1_OBD WrapperBox_left__2PpFA WrapperBox_small__VfD9r"><img alt="Şok" src="https://cdn.cimri.io/pictures/merchant-logos/15057.png?v=1" loading="lazy" width="50" height="24"/><span>+<!-- -->1<!-- --> satıcı</span></div></div></div><span class="ProductCard_oldPrice__1o3ky"></span></a><a href="/market/toz-ve-kup-seker/en-ucuz-gul-aras-405-adet-1-kg-kup-seker-fiyatlari,1162925"><div class="ProductCard_footer__Fc9OL"><span class="ProductCard_price__10UHp">31,00 TL</span><span>31,00 TL/kg</span></div></a><div class="ProductCard_addListButton__30OB_"><div class="AddListButton_addListButton__ujsTf"><span>Listeye Eklendi</span></div></div></div></div><div class="Col_col__2vJhp Col_col-xs-6__G4j0a Col_col-md-4__3chrz Col_col-lg-3__7tZhB ProductList_productContainer__2JTlf"><div class="ProductCard_productCard__412iI" data-AB="ab-test"><a href="/market/toz-ve-kup-seker/en-ucuz-hanzade-bitkisel-1-kg-esmer-toz-seker-fiyatlari,1063359"><div class="ProductCard_actions__1LGjF ProductCard_hasTransition__1BTo4"><span id="ProductCard_counter__VIzjS"><span class="Counter_emptyCounter__7jLNj"><svg width="12" height="12" viewBox="0 0 14 14" fill="none" xmlns="http://www.w3.org/2000/svg"><path d="M6.83333 0.75C6.23503 0.75 5.75 1.23502 5.75 1.83333V5.75H1.83333C1.23502 5.75 0.75 6.23503 0.75 6.83333C0.75 7.43164 1.23503 7.91667 1.83333 7.91667H5.75V11.8333C5.75 12.4316 6.23503 12.9167 6.83333 12.9167C7.43164 12.9167 7.91667 12.4316 7.91667 11.8333V7.91667H11.8333C12.4316 7.91667 12.9167 7.43164 12.9167 6.83333C12.9167 6.23503 12.4316 5.75 11.8333 5.75H7.91667V1.83333C7.91667 1.23503 7.43164 0.75 6.83333 0.75Z" fill="#fff" stroke="#fff" stroke-width="0.5"></path></svg></span></span><span class="CounterForAB_emptyCounter__27X9P"><div style="display:flex;justify-content:flex-start;width:calc(100% - 32px);padding-left:8px"><span>Listeye Eklendi</span></div><svg width="12" height="12" viewBox="0 0 14 14" fill="none" xmlns="http://www.w3.org/2000/svg"><path d="M6.83333 0.75C6.23503 0.75 5.75 1.23502 5.75 1.83333V5.75H1.83333C1.23502 5.75 0.75 6.23503 0.75 6.83333C0.75 7.43164 1.23503 7.91667 1.83333 7.91667H5.75V11.8333C5.75 12.4316 6.23503 12.9167 6.83333 12.9167C7.43164 12.9167 7.91667 12.4316 7.91667 11.8333V7.91667H11.8333C12.4316 7.91667 12.9167 7.43164 12.9167 6.83333C12.9167 6.23503 12.4316 5.75 11.8333 5.75H7.91667V1.83333C7.91667 1.23503 7.43164 0.75 6.83333 0.75Z" fill="#fff" stroke="#fff" stroke-width="0.5"></path></svg></span></div><div class="ProductCard_imageContainer__ASSCc"><img alt="Hanzade Bitkisel 1 kg Esmer Toz Şeker" src="https://cdn.cimri.io/market/88x88/hanzade-bitkisel-1-kg-esmer-toz-seker-_1264017.jpg" loading="lazy" srcSet="https://cdn.cimri.io/market/88x88/hanzade-bitkisel-1-kg-esmer-toz-seker-_1264017.jpg 1x, https://cdn.cimri.io/market/176x176/hanzade-bitkisel-1-kg-esmer-toz-seker-_1264017.jpg 2x" width="88" height="88"/></div><div class="ProductCard_productCardBody__dAwWi"><div class="ProductCard_productName__35zi5"><p>Hanzade Bitkisel 1 kg Esmer Toz Şeker</p></div><div class="ProductCard_offers__2iP_C"><div class="WrapperBox_wrapper__1_OBD WrapperBox_left__2PpFA WrapperBox_small__VfD9r"><img alt="Ebitkisel" src="https://cdn.cimri.io/pictures/merchant-logos/11967.png?v=1" loading="lazy" width="50" height="24"/><span>+<!-- -->1<!-- --> satıcı</span></div></div></div><span class="ProductCard_oldPrice__1o3ky"></span></a><div><div class="ProductCard_footerWrapper__3L_-e"><span class="ProductCard_price__10UHp">54,00 TL<svg width="12" height="12" viewBox="0 0 7 12" fill="none" xmlns="http://www.w3.org/2000/svg"><path d="M7 6.00001C6.99987 6.22475 6.90899 6.4399 6.748 6.59665L1.39345 11.769C1.24077 11.9177 1.03591 12.0006 0.822802 12C0.598631 11.9997 0.384266 11.908 0.229241 11.746C-0.0851275 11.4157 -0.0749083 10.8937 0.25215 10.5759L4.98814 6.00001L0.25215 1.42414C-0.0749083 1.10633 -0.0851275 0.584348 0.229241 0.253972C0.380205 0.0958206 0.588017 0.00446116 0.806579 0.000159073C1.02514 -0.00414301 1.23639 0.0789679 1.39345 0.231056L6.748 5.40357C6.90894 5.56028 6.99981 5.77535 7 6.00001Z" fill="#3ab424"></path></svg></span><span>54,00 TL/kg</span></div><div class="ProductCard_footer__Fc9OL"><span class="ProductCard_price__10UHp">54,00 TL<svg width="12" height="12" viewBox="0 0 7 12" fill="none" xmlns="http://www.w3.org/2000/svg"><path d="M7 6.00001C6.99987 6.22475 6.90899 6.4399 6.748 6.59665L1.39345 11.769C1.24077 11.9177 1.03591 12.0006 0.822802 12C0.598631 11.9997 0.384266 11.908 0.229241 11.746C-0.0851275 11.4157 -0.0749083 10.8937 0.25215 10.5759L4.98814 6.00001L0.25215 1.42414C-0.0749083 1.10633 -0.0851275 0.584348 0.229241 0.253972C0.380205 0.0958206 0.588017 0.00446116 0.806579 0.000159073C1.02514 -0.00414301 1.23639 0.0789679 1.39345 0.231056L6.748 5.40357C6.90894 5.56028 6.99981 5.77535 7 6.00001Z" fill="#3ab424"></path></svg></span><span>54,00 TL/kg</span></div></div><div class="ProductCard_addListButton__30OB_"><div class="AddListButton_addListButton__ujsTf"><span>Listeye Eklendi</span></div></div></div></div><div class="Col_col__2vJhp Col_col-xs-6__G4j0a Col_col-md-4__3chrz Col_col-lg-3__7tZhB ProductList_productContainer__2JTlf"><div class="ProductCard_productCard__412iI" data-AB="ab-test"><a href="/market/toz-ve-kup-seker/en-ucuz-mgs-fisek-4-kg-toz-seker-fiyatlari,51527"><div class="ProductCard_actions__1LGjF ProductCard_hasTransition__1BTo4"><span id="ProductCard_counter__VIzjS"><span class="Counter_emptyCounter__7jLNj"><svg width="12" height="12" viewBox="0 0 14 14" fill="none" xmlns="http://www.w3.org/2000/svg"><path d="M6.83333 0.75C6.23503 0.75 5.75 1.23502 5.75 1.83333V5.75H1.83333C1.23502 5.75 0.75 6.23503 0.75 6.83333C0.75 7.43164 1.23503 7.91667 1.83333 7.91667H5.75V11.8333C5.75 12.4316 6.23503 12.9167 6.83333 12.9167C7.43164 12.9167 7.91667 12.4316 7.91667 11.8333V7.91667H11.8333C12.4316 7.91667 12.9167 7.43164 12.9167 6.83333C12.9167 6.23503 12.4316 5.75 11.8333 5.75H7.91667V1.83333C7.91667 1.23503 7.43164 0.75 6.83333 0.75Z" fill="#fff" stroke="#fff" stroke-width="0.5"></path></svg></span></span><span class="CounterForAB_emptyCounter__27X9P"><div style="display:flex;justify-content:flex-start;width:calc(100% - 32px);padding-left:8px"><span>Listeye Eklendi</span></div><svg width="12" height="12" viewBox="0 0 14 14" fill="none" xmlns="http://www.w3.org/2000/svg"><path d="M6.83333 0.75C6.23503 0.75 5.75 1.23502 5.75 1.83333V5.75H1.83333C1.23502 5.75 0.75 6.23503 0.75 6.83333C0.75 7.43164 1.23503 7.91667 1.83333 7.91667H5.75V11.8333C5.75 12.4316 6.23503 12.9167 6.83333 12.9167C7.43164 12.9167 7.91667 12.4316 7.91667 11.8333V7.91667H11.8333C12.4316 7.91667 12.9167 7.43164 12.9167 6.83333C12.9167 6.23503 12.4316 5.75 11.8333 5.75H7.91667V1.83333C7.91667 1.23503 7.43164 0.75 6.83333 0.75Z" fill="#fff" stroke="#fff" stroke-width="0.5"></path></svg></span></div><div class="ProductCard_imageContainer__ASSCc"><img alt="Mgs Fişek 4 kg Toz Şeker" src="https://cdn.cimri.io/market/88x88/mgs-fisek-4-kg-toz-seker-_329443.jpg" loading="lazy" srcSet="https://cdn.cimri.io/market/88x88/mgs-fisek-4-kg-toz-seker-_329443.jpg 1x, https://cdn.cimri.io/market/176x176/mgs-fisek-4-kg-toz-seker-_329443.jpg 2x" width="88" height="88"/></div><div class="ProductCard_productCardBody__dAwWi"><div class="ProductCard_productName__35zi5"><p>Mgs Fişek 4 kg Toz Şeker</p></div><div class="ProductCard_offers__2iP_C"><div class="WrapperBox_wrapper__1_OBD WrapperBox_left__2PpFA WrapperBox_small__VfD9r"><img alt="Pekgross" src="https://cdn.cimri.io/pictures/merchant-logos/14768.png?v=1" loading="lazy" width="50" height="24"/><span>+<!-- -->2<!-- --> satıcı</span></div></div></div><span class="ProductCard_oldPrice__1o3ky"></span></a><div><div class="ProductCard_footerWrapper__3L_-e"><span class="ProductCard_price__10UHp">298,96 TL<svg width="12" height="12" viewBox="0 0 7 12" fill="none" xmlns="http://www.w3.org/2000/svg"><path d="M7 6.00001C6.99987 6.22475 6.90899 6.4399 6.748 6.59665L1.39345 11.769C1.24077 11.9177 1.03591 12.0006 0.822802 12C0.598631 11.9997 0.384266 11.908 0.229241 11.746C-0.0851275 11.4157 -0.0749083 10.8937 0.25215 10.5759L4.98814 6.00001L0.25215 1.42414C-0.0749083 1.10633 -0.0851275 0.584348 0.229241 0.253972C0.380205 0.0958206 0.588017 0.00446116 0.806579 0.000159073C1.02514 -0.00414301 1.23639 0.0789679 1.39345 0.231056L6.748 5.40357C6.90894 5.56028 6.99981 5.77535 7 6.00001Z" fill="#3ab424"></path></svg></span><span>74,74 TL/kg</span></div><div class="ProductCard_footer__Fc9OL"><span class="ProductCard_price__10UHp">298,96 TL<svg width="12" height="12" viewBox="0 0 7 12" fill="none" xmlns="http://www.w3.org/2000/svg"><path d="M7 6.00001C6.99987 6.22475 6.90899 6.4399 6.748 6.59665L1.39345 11.769C1.24077 11.9177 1.03591 12.0006 0.822802 12C0.598631 11.9997 0.384266 11.908 0.229241 11.746C-0.0851275 11.4157 -0.0749083 10.8937 0.25215 10.5759L4.98814 6.00001L0.25215 1.42414C-0.0749083 1.10633 -0.0851275 0.584348 0.229241 0.253972C0.380205 0.0958206 0.588017 0.00446116 0.806579 0.000159073C1.02514 -0.00414301 1.23639 0.0789679 1.39345 0.231056L6.748 5.40357C6.90894 5.56028 6.99981 5.77535 7 6.00001Z" fill="#3ab424"></path></svg></span><span>74,74 TL/kg</span></div></div><div class="ProductCard_addListButton__30OB_"><div class="AddListButton_addListButton__ujsTf"><span>Listeye Eklendi</span></div></div></div></div><div class="Col_col__2vJhp Col_col-xs-6__G4j0a Col_col-md-4__3chrz Col_col-lg-3__7tZhB ProductList_productContainer__2JTlf"><div class="ProductCard_productCard__412iI" data-AB="ab-test"><a href="/market/toz-ve-kup-seker/en-ucuz-petek-5000-gr-toz-seker-fiyatlari,51549"><div class="ProductCard_actions__1LGjF ProductCard_hasTransition__1BTo4"><span id="ProductCard_counter__VIzjS"><span class="Counter_emptyCounter__7jLNj"><svg width="12" height="12" viewBox="0 0 14 14" fill="none" xmlns="http://www.w3.org/2000/svg"><path d="M6.83333 0.75C6.23503 0.75 5.75 1.23502 5.75 1.83333V5.75H1.83333C1.23502 5.75 0.75 6.23503 0.75 6.83333C0.75 7.43164 1.23503 7.91667 1.83333 7.91667H5.75V11.8333C5.75 12.4316 6.23503 12.9167 6.83333 12.9167C7.43164 12.9167 7.91667 12.4316 7.91667 11.8333V7.91667H11.8333C12.4316 7.91667 12.9167 7.43164 12.9167 6.83333C12.9167 6.23503 12.4316 5.75 11.8333 5.75H7.91667V1.83333C7.91667 1.23503 7.43164 0.75 6.83333 0.75Z" fill="#fff" stroke="#fff" stroke-width="0.5"></path></svg></span></span><span class="CounterForAB_emptyCounter__27X9P"><div style="display:flex;justify-content:flex-start;width:calc(100% - 32px);padding-left:8px"><span>Listeye Eklendi</span></div><svg width="12" height="12" viewBox="0 0 14 14" fill="none" xmlns="http://www.w3.org/2000/svg"><path d="M6.83333 0.75C6.23503 0.75 5.75 1.23502 5.75 1.83333V5.75H1.83333C1.23502 5.75 0.75 6.23503 0.75 6.83333C0.75 7.43164 1.23503 7.91667 1.83333 7.91667H5.75V11.8333C5.75 12.4316 6.23503 12.9167 6.83333 12.9167C7.43164 12.9167 7.91667 12.4316 7.91667 11.8333V7.91667H11.8333C12.4316 7.91667 12.9167 7.43164 12.9167 6.83333C12.9167 6.23503 12.4316 5.75 11.8333 5.75H7.91667V1.83333C7.91667 1.23503 7.43164 0.75 6.83333 0.75Z" fill="#fff" stroke="#fff" stroke-width="0.5"></path></svg></span></div><div class="ProductCard_imageContainer__ASSCc"><img alt="Petek 5000 gr Toz Şeker" src="https://cdn.cimri.io/market/88x88/petek-5000-gr-toz-seker-_280932.jpg" loading="lazy" srcSet="https://cdn.cimri.io/market/88x88/petek-5000-gr-toz-seker-_280932.jpg 1x, https://cdn.cimri.io/market/176x176/petek-5000-gr-toz-seker-_280932.jpg 2x" width="88" height="88"/></div><div class="ProductCard_productCardBody__dAwWi"><div class="ProductCard_productName__35zi5"><p>Petek 5000 gr Toz Şeker</p></div><div class="ProductCard_offers__2iP_C"><div class="WrapperBox_wrapper__1_OBD WrapperBox_left__2PpFA WrapperBox_small__VfD9r"><img alt="a101" src="https://cdn.cimri.io/pictures/merchant-logos/15055.png?v=1" loading="lazy" width="50" height="24"/><span>+<!-- -->1<!-- --> satıcı</span></div></div></div><span class="ProductCard_oldPrice__1o3ky"></span></a><a href="/market/toz-ve-kup-seker/en-ucuz-petek-5000-gr-toz-seker-fiyatlari,51549"><div class="ProductCard_footer__Fc9OL"><span class="ProductCard_price__10UHp">174,50 TL</span><span>34,90 TL/kg</span></div></a><div class="ProductCard_addListButton__30OB_"><div class="AddListButton_addListButton__ujsTf"><span>Listeye Eklendi</span></div></div></div></div><div class="Col_col__2vJhp Col_col-xs-6__G4j0a Col_col-md-4__3chrz Col_col-lg-3__7tZhB ProductList_productContainer__2JTlf"><div class="ProductCard_productCard__412iI" data-AB="ab-test"><a href="/market/toz-ve-kup-seker/en-ucuz-dogus-5-kg-toz-seker-fiyatlari,51442"><div class="ProductCard_actions__1LGjF ProductCard_hasTransition__1BTo4"><span id="ProductCard_counter__VIzjS"><span class="Counter_emptyCounter__7jLNj"><svg width="12" height="12" viewBox="0 0 14 14" fill="none" xmlns="http://www.w3.org/2000/svg"><path d="M6.83333 0.75C6.23503 0.75 5.75 1.23502 5.75 1.83333V5.75H1.83333C1.23502 5.75 0.75 6.23503 0.75 6.83333C0.75 7.43164 1.23503 7.91667 1.83333 7.91667H5.75V11.8333C5.75 12.4316 6.23503 12.9167 6.83333 12.9167C7.43164 12.9167 7.91667 12.4316 7.91667 11.8333V7.91667H11.8333C12.4316 7.91667 12.9167 7.43164 12.9167 6.83333C12.9167 6.23503 12.4316 5.75 11.8333 5.75H7.91667V1.83333C7.91667 1.23503 7.43164 0.75 6.83333 0.75Z" fill="#fff" stroke="#fff" stroke-width="0.5"></path></svg></span></span><span class="CounterForAB_emptyCounter__27X9P"><div style="display:flex;justify-content:flex-start;width:calc(100% - 32px);padding-left:8px"><span>Listeye Eklendi</span></div><svg width="12" height="12" viewBox="0 0 14 14" fill="none" xmlns="http://www.w3.org/2000/svg"><path d="M6.83333 0.75C6.23503 0.75 5.75 1.23502 5.75 1.83333V5.75H1.83333C1.23502 5.75 0.75 6.23503 0.75 6.83333C0.75 7.43164 1.23503 7.91667 1.83333 7.91667H5.75V11.8333C5.75 12.4316 6.23503 12.9167 6.83333 12.9167C7.43164 12.9167 7.91667 12.4316 7.91667 11.8333V7.91667H11.8333C12.4316 7.91667 12.9167 7.43164 12.9167 6.83333C12.9167 6.23503 12.4316 5.75 11.8333 5.75H7.91667V1.83333C7.91667 1.23503 7.43164 0.75 6.83333 0.75Z" fill="#fff" stroke="#fff" stroke-width="0.5"></path></svg></span></div><div class="ProductCard_imageContainer__ASSCc"><img alt="Doğuş 5 kg Toz Şeker" src="https://cdn.cimri.io/market/88x88/dogus-5-kg-toz-seker-_280837.jpg" loading="lazy" srcSet="https://cdn.cimri.io/market/88x88/dogus-5-kg-toz-seker-_280837.jpg 1x, https://cdn.cimri.io/market/176x176/dogus-5-kg-toz-seker-_280837.jpg 2x" width="88" height="88"/></div><div class="ProductCard_productCardBody__dAwWi"><div class="ProductCard_productName__35zi5"><p>Doğuş 5 kg Toz Şeker</p></div><div class="ProductCard_offers__2iP_C"><div class="WrapperBox_wrapper__1_OBD WrapperBox_left__2PpFA WrapperBox_small__VfD9r"><img alt="a101" src="https://cdn.cimri.io/pictures/merchant-logos/15055.png?v=1" loading="lazy" width="50" height="24"/><span>+<!-- -->3<!-- --> satıcı</span></div></div></div><span class="ProductCard_oldPrice__1o3ky"></span></a><a href="/market/toz-ve-kup-seker/en-ucuz-dogus-5-kg-toz-seker-fiyatlari,51442"><div class="ProductCard_footer__Fc9OL"><span class="ProductCard_price__10UHp">199,00 TL</span><span>39,80 TL/kg</span></div></a><div class="ProductCard_addListButton__30OB_"><div class="AddListButton_addListButton__ujsTf"><span>Listeye Eklendi</span></div></div></div></div><div class="Col_col__2vJhp Col_col-xs-6__G4j0a Col_col-md-4__3chrz Col_col-lg-3__7tZhB ProductList_productContainer__2JTlf"><div class="ProductCard_productCard__412iI" data-AB="ab-test"><a href="/market/toz-ve-kup-seker/en-ucuz-bor-seker-5-kg-toz-seker-fiyatlari,949250"><div class="ProductCard_discountBadge__2HnY4">↓%5</div><div class="ProductCard_popoverWrapper__2Ncvh"><span class="ProductCard_span__17o6b"></span><div class="ProductCard_popover__tf5mQ">Son 30 gün içerisindeki en ucuz fiyatlar üstünden hesaplanan indirim oranı</div></div><div class="ProductCard_actions__1LGjF ProductCard_hasTransition__1BTo4"><span id="ProductCard_counter__VIzjS"><span class="Counter_emptyCounter__7jLNj"><svg width="12" height="12" viewBox="0 0 14 14" fill="none" xmlns="http://www.w3.org/2000/svg"><path d="M6.83333 0.75C6.23503 0.75 5.75 1.23502 5.75 1.83333V5.75H1.83333C1.23502 5.75 0.75 6.23503 0.75 6.83333C0.75 7.43164 1.23503 7.91667 1.83333 7.91667H5.75V11.8333C5.75 12.4316 6.23503 12.9167 6.83333 12.9167C7.43164 12.9167 7.91667 12.4316 7.91667 11.8333V7.91667H11.8333C12.4316 7.91667 12.9167 7.43164 12.9167 6.83333C12.9167 6.23503 12.4316 5.75 11.8333 5.75H7.91667V1.83333C7.91667 1.23503 7.43164 0.75 6.83333 0.75Z" fill="#fff" stroke="#fff" stroke-width="0.5"></path></svg></span></span><span class="CounterForAB_emptyCounter__27X9P"><div style="display:flex;justify-content:flex-start;width:calc(100% - 32px);padding-left:8px"><span>Listeye Eklendi</span></div><svg width="12" height="12" viewBox="0 0 14 14" fill="none" xmlns="http://www.w3.org/2000/svg"><path d="M6.83333 0.75C6.23503 0.75 5.75 1.23502 5.75 1.83333V5.75H1.83333C1.23502 5.75 0.75 6.23503 0.75 6.83333C0.75 7.43164 1.23503 7.91667 1.83333 7.91667H5.75V11.8333C5.75 12.4316 6.23503 12.9167 6.83333 12.9167C7.43164 12.9167 7.91667 12.4316 7.91667 11.8333V7.91667H11.8333C12.4316 7.91667 12.9167 7.43164 12.9167 6.83333C12.9167 6.23503 12.4316 5.75 11.8333 5.75H7.91667V1.83333C7.91667 1.23503 7.43164 0.75 6.83333 0.75Z" fill="#fff" stroke="#fff" stroke-width="0.5"></path></svg></span></div><div class="ProductCard_imageContainer__ASSCc"><img alt="Bor Şeker 5 kg Toz Şeker" src="https://cdn.cimri.io/market/88x88/bor-seker-5-kg-toz-seker-_1094967.jpg" loading="lazy" srcSet="https://cdn.cimri.io/market/88x88/bor-seker-5-kg-toz-seker-_1094967.jpg 1x, https://cdn.cimri.io/market/176x176/bor-seker-5-kg-toz-seker-_1094967.jpg 2x" width="88" height="88"/></div><div class="ProductCard_productCardBody__dAwWi"><div class="ProductCard_productName__35zi5"><p>Bor Şeker 5 kg Toz Şeker</p></div><div class="ProductCard_offers__2iP_C"><div class="WrapperBox_wrapper__1_OBD WrapperBox_left__2PpFA WrapperBox_small__VfD9r"><img alt="a101" src="https://cdn.cimri.io/pictures/merchant-logos/15055.png?v=1" loading="lazy" width="50" height="24"/><span>+<!-- -->4<!-- --> satıcı</span></div></div></div><span class="ProductCard_oldPrice__1o3ky">189,48</span></a><a href="/market/toz-ve-kup-seker/en-ucuz-bor-seker-5-kg-toz-seker-fiyatlari,949250"><div class="ProductCard_footer__Fc9OL"><span class="ProductCard_price__10UHp">180,00 TL</span><span>36,00 TL/kg</span></div></a><div class="ProductCard_addListButton__30OB_"><div class="AddListButton_addListButton__ujsTf"><span>Listeye Eklendi</span></div></div></div></div><div class="Col_col__2vJhp Col_col-xs-6__G4j0a Col_col-md-4__3chrz Col_col-lg-3__7tZhB ProductList_productContainer__2JTlf"><div class="ProductCard_productCard__412iI" data-AB="ab-test"><a href="/market/toz-ve-kup-seker/en-ucuz-yazar-5-kg-kristal-toz-seker-5-kg-pastalik-boreklik-un-fiyatlari,411173"><div class="ProductCard_discountBadge__2HnY4">↓%10</div><div class="ProductCard_popoverWrapper__2Ncvh"><span class="ProductCard_span__17o6b"></span><div class="ProductCard_popover__tf5mQ">Son 30 gün içerisindeki en ucuz fiyatlar üstünden hesaplanan indirim oranı</div></div><div class="ProductCard_actions__1LGjF ProductCard_hasTransition__1BTo4"><span id="ProductCard_counter__VIzjS"><span class="Counter_emptyCounter__7jLNj"><svg width="12" height="12" viewBox="0 0 14 14" fill="none" xmlns="http://www.w3.org/2000/svg"><path d="M6.83333 0.75C6.23503 0.75 5.75 1.23502 5.75 1.83333V5.75H1.83333C1.23502 5.75 0.75 6.23503 0.75 6.83333C0.75 7.43164 1.23503 7.91667 1.83333 7.91667H5.75V11.8333C5.75 12.4316 6.23503 12.9167 6.83333 12.9167C7.43164 12.9167 7.91667 12.4316 7.91667 11.8333V7.91667H11.8333C12.4316 7.91667 12.9167 7.43164 12.9167 6.83333C12.9167 6.23503 12.4316 5.75 11.8333 5.75H7.91667V1.83333C7.91667 1.23503 7.43164 0.75 6.83333 0.75Z" fill="#fff" stroke="#fff" stroke-width="0.5"></path></svg></span></span><span class="CounterForAB_emptyCounter__27X9P"><div style="display:flex;justify-content:flex-start;width:calc(100% - 32px);padding-left:8px"><span>Listeye Eklendi</span></div><svg width="12" height="12" viewBox="0 0 14 14" fill="none" xmlns="http://www.w3.org/2000/svg"><path d="M6.83333 0.75C6.23503 0.75 5.75 1.23502 5.75 1.83333V5.75H1.83333C1.23502 5.75 0.75 6.23503 0.75 6.83333C0.75 7.43164 1.23503 7.91667 1.83333 7.91667H5.75V11.8333C5.75 12.4316 6.23503 12.9167 6.83333 12.9167C7.43164 12.9167 7.91667 12.4316 7.91667 11.8333V7.91667H11.8333C12.4316 7.91667 12.9167 7.43164 12.9167 6.83333C12.9167 6.23503 12.4316 5.75 11.8333 5.75H7.91667V1.83333C7.91667 1.23503 7.43164 0.75 6.83333 0.75Z" fill="#fff" stroke="#fff" stroke-width="0.5"></path></svg></span></div><div class="ProductCard_imageContainer__ASSCc"><img alt="Yazar 5 kg Kristal Toz Şeker + 5 kg Pastalık Böreklik Un" src="https://cdn.cimri.io/market/88x88/yazar-5-kg-kristal-toz-seker-5-kg-pastalik-boreklik-un-_229821.jpg" loading="lazy" srcSet="https://cdn.cimri.io/market/88x88/yazar-5-kg-kristal-toz-seker-5-kg-pastalik-boreklik-un-_229821.jpg 1x, https://cdn.cimri.io/market/176x176/yazar-5-kg-kristal-toz-seker-5-kg-pastalik-boreklik-un-_229821.jpg 2x" width="88" height="88"/></div><div class="ProductCard_productCardBody__dAwWi"><div class="ProductCard_productName__35zi5"><p>Yazar 5 kg Kristal Toz Şeker + 5 kg Pastalık Böreklik Un</p></div><div class="ProductCard_offers__2iP_C"><div class="WrapperBox_wrapper__1_OBD WrapperBox_left__2PpFA WrapperBox_small__VfD9r"><img alt="PttAVM" src="https://cdn.cimri.io/pictures/merchant-logos/11512.png?v=1" loading="lazy" width="50" height="24"/><span>+<!-- -->1<!-- --> satıcı</span></div></div></div><span class="ProductCard_oldPrice__1o3ky">455,39</span></a><div><div class="ProductCard_footerWrapper__3L_-e"><span class="ProductCard_price__10UHp">409,85 TL<svg width="12" height="12" viewBox="0 0 7 12" fill="none" xmlns="http://www.w3.org/2000/svg"><path d="M7 6.00001C6.99987 6.22475 6.90899 6.4399 6.748 6.59665L1.39345 11.769C1.24077 11.9177 1.03591 12.0006 0.822802 12C0.598631 11.9997 0.384266 11.908 0.229241 11.746C-0.0851275 11.4157 -0.0749083 10.8937 0.25215 10.5759L4.98814 6.00001L0.25215 1.42414C-0.0749083 1.10633 -0.0851275 0.584348 0.229241 0.253972C0.380205 0.0958206 0.588017 0.00446116 0.806579 0.000159073C1.02514 -0.00414301 1.23639 0.0789679 1.39345 0.231056L6.748 5.40357C6.90894 5.56028 6.99981 5.77535 7 6.00001Z" fill="#3ab424"></path></svg></span><span>81,97 TL/kg</span></div><div class="ProductCard_footer__Fc9OL"><span class="ProductCard_price__10UHp">409,85 TL<svg width="12" height="12" viewBox="0 0 7 12" fill="none" xmlns="http://www.w3.org/2000/svg"><path d="M7 6.00001C6.99987 6.22475 6.90899 6.4399 6.748 6.59665L1.39345 11.769C1.24077 11.9177 1.03591 12.0006 0.822802 12C0.598631 11.9997 0.384266 11.908 0.229241 11.746C-0.0851275 11.4157 -0.0749083 10.8937 0.25215 10.5759L4.98814 6.00001L0.25215 1.42414C-0.0749083 1.10633 -0.0851275 0.584348 0.229241 0.253972C0.380205 0.0958206 0.588017 0.00446116 0.806579 0.000159073C1.02514 -0.00414301 1.23639 0.0789679 1.39345 0.231056L6.748 5.40357C6.90894 5.56028 6.99981 5.77535 7 6.00001Z" fill="#3ab424"></path></svg></span><span>81,97 TL/kg</span></div></div><div class="ProductCard_addListButton__30OB_"><div class="AddListButton_addListButton__ujsTf"><span>Listeye Eklendi</span></div></div></div></div><div class="Col_col__2vJhp Col_col-xs-6__G4j0a Col_col-md-4__3chrz Col_col-lg-3__7tZhB ProductList_productContainer__2JTlf"><div class="ProductCard_productCard__412iI" data-AB="ab-test"><a href="/market/toz-ve-kup-seker/en-ucuz-mgs-750-gr-tek-sarma-kup-seker-poset-fiyatlari,1080154"><div class="ProductCard_actions__1LGjF ProductCard_hasTransition__1BTo4"><span id="ProductCard_counter__VIzjS"><span class="Counter_emptyCounter__7jLNj"><svg width="12" height="12" viewBox="0 0 14 14" fill="none" xmlns="http://www.w3.org/2000/svg"><path d="M6.83333 0.75C6.23503 0.75 5.75 1.23502 5.75 1.83333V5.75H1.83333C1.23502 5.75 0.75 6.23503 0.75 6.83333C0.75 7.43164 1.23503 7.91667 1.83333 7.91667H5.75V11.8333C5.75 12.4316 6.23503 12.9167 6.83333 12.9167C7.43164 12.9167 7.91667 12.4316 7.91667 11.8333V7.91667H11.8333C12.4316 7.91667 12.9167 7.43164 12.9167 6.83333C12.9167 6.23503 12.4316 5.75 11.8333 5.75H7.91667V1.83333C7.91667 1.23503 7.43164 0.75 6.83333 0.75Z" fill="#fff" stroke="#fff" stroke-width="0.5"></path></svg></span></span><span class="CounterForAB_emptyCounter__27X9P"><div style="display:flex;justify-content:flex-start;width:calc(100% - 32px);padding-left:8px"><span>Listeye Eklendi</span></div><svg width="12" height="12" viewBox="0 0 14 14" fill="none" xmlns="http://www.w3.org/2000/svg"><path d="M6.83333 0.75C6.23503 0.75 5.75 1.23502 5.75 1.83333V5.75H1.83333C1.23502 5.75 0.75 6.23503 0.75 6.83333C0.75 7.43164 1.23503 7.91667 1.83333 7.91667H5.75V11.8333C5.75 12.4316 6.23503 12.9167 6.83333 12.9167C7.43164 12.9167 7.91667 12.4316 7.91667 11.8333V7.91667H11.8333C12.4316 7.91667 12.9167 7.43164 12.9167 6.83333C12.9167 6.23503 12.4316 5.75 11.8333 5.75H7.91667V1.83333C7.91667 1.23503 7.43164 0.75 6.83333 0.75Z" fill="#fff" stroke="#fff" stroke-width="0.5"></path></svg></span></div><div class="ProductCard_imageContainer__ASSCc"><img alt="Mgs 750 gr Tek Sarma Küp Şeker Poşet" src="https://cdn.cimri.io/market/88x88/mgs-750-gr-tek-sarma-kup-seker-poset-_1301796.jpg" loading="lazy" srcSet="https://cdn.cimri.io/market/88x88/mgs-750-gr-tek-sarma-kup-seker-poset-_1301796.jpg 1x, https://cdn.cimri.io/market/176x176/mgs-750-gr-tek-sarma-kup-seker-poset-_1301796.jpg 2x" width="88" height="88"/></div><div class="ProductCard_productCardBody__dAwWi"><div class="ProductCard_productName__35zi5"><p>Mgs 750 gr Tek Sarma Küp Şeker Poşet</p></div><div class="ProductCard_offers__2iP_C"><div class="WrapperBox_wrapper__1_OBD WrapperBox_left__2PpFA WrapperBox_small__VfD9r"><img alt="PttAVM" src="https://cdn.cimri.io/pictures/merchant-logos/11512.png?v=1" loading="lazy" width="50" height="24"/><span>+<!-- -->1<!-- --> satıcı</span></div></div></div><span class="ProductCard_oldPrice__1o3ky"></span></a><div><div class="ProductCard_footerWrapper__3L_-e"><span class="ProductCard_price__10UHp">89,23 TL<svg width="12" height="12" viewBox="0 0 7 12" fill="none" xmlns="http://www.w3.org/2000/svg"><path d="M7 6.00001C6.99987 6.22475 6.90899 6.4399 6.748 6.59665L1.39345 11.769C1.24077 11.9177 1.03591 12.0006 0.822802 12C0.598631 11.9997 0.384266 11.908 0.229241 11.746C-0.0851275 11.4157 -0.0749083 10.8937 0.25215 10.5759L4.98814 6.00001L0.25215 1.42414C-0.0749083 1.10633 -0.0851275 0.584348 0.229241 0.253972C0.380205 0.0958206 0.588017 0.00446116 0.806579 0.000159073C1.02514 -0.00414301 1.23639 0.0789679 1.39345 0.231056L6.748 5.40357C6.90894 5.56028 6.99981 5.77535 7 6.00001Z" fill="#3ab424"></path></svg></span><span>118,97 TL/kg</span></div><div class="ProductCard_footer__Fc9OL"><span class="ProductCard_price__10UHp">89,23 TL<svg width="12" height="12" viewBox="0 0 7 12" fill="none" xmlns="http://www.w3.org/2000/svg"><path d="M7 6.00001C6.99987 6.22475 6.90899 6.4399 6.748 6.59665L1.39345 11.769C1.24077 11.9177 1.03591 12.0006 0.822802 12C0.598631 11.9997 0.384266 11.908 0.229241 11.746C-0.0851275 11.4157 -0.0749083 10.8937 0.25215 10.5759L4.98814 6.00001L0.25215 1.42414C-0.0749083 1.10633 -0.0851275 0.584348 0.229241 0.253972C0.380205 0.0958206 0.588017 0.00446116 0.806579 0.000159073C1.02514 -0.00414301 1.23639 0.0789679 1.39345 0.231056L6.748 5.40357C6.90894 5.56028 6.99981 5.77535 7 6.00001Z" fill="#3ab424"></path></svg></span><span>118,97 TL/kg</span></div></div><div class="ProductCard_addListButton__30OB_"><div class="AddListButton_addListButton__ujsTf"><span>Listeye Eklendi</span></div></div></div></div><div class="Col_col__2vJhp Col_col-xs-6__G4j0a Col_col-md-4__3chrz Col_col-lg-3__7tZhB ProductList_productContainer__2JTlf"><div class="ProductCard_productCard__412iI" data-AB="ab-test"><a href="/market/toz-ve-kup-seker/en-ucuz-safak-5-kg-toz-seker-fiyatlari,1161446"><div class="ProductCard_actions__1LGjF ProductCard_hasTransition__1BTo4"><span id="ProductCard_counter__VIzjS"><span class="Counter_emptyCounter__7jLNj"><svg width="12" height="12" viewBox="0 0 14 14" fill="none" xmlns="http://www.w3.org/2000/svg"><path d="M6.83333 0.75C6.23503 0.75 5.75 1.23502 5.75 1.83333V5.75H1.83333C1.23502 5.75 0.75 6.23503 0.75 6.83333C0.75 7.43164 1.23503 7.91667 1.83333 7.91667H5.75V11.8333C5.75 12.4316 6.23503 12.9167 6.83333 12.9167C7.43164 12.9167 7.91667 12.4316 7.91667 11.8333V7.91667H11.8333C12.4316 7.91667 12.9167 7.43164 12.9167 6.83333C12.9167 6.23503 12.4316 5.75 11.8333 5.75H7.91667V1.83333C7.91667 1.23503 7.43164 0.75 6.83333 0.75Z" fill="#fff" stroke="#fff" stroke-width="0.5"></path></svg></span></span><span class="CounterForAB_emptyCounter__27X9P"><div style="display:flex;justify-content:flex-start;width:calc(100% - 32px);padding-left:8px"><span>Listeye Eklendi</span></div><svg width="12" height="12" viewBox="0 0 14 14" fill="none" xmlns="http://www.w3.org/2000/svg"><path d="M6.83333 0.75C6.23503 0.75 5.75 1.23502 5.75 1.83333V5.75H1.83333C1.23502 5.75 0.75 6.23503 0.75 6.83333C0.75 7.43164 1.23503 7.91667 1.83333 7.91667H5.75V11.8333C5.75 12.4316 6.23503 12.9167 6.83333 12.9167C7.43164 12.9167 7.91667 12.4316 7.91667 11.8333V7.91667H11.8333C12.4316 7.91667 12.9167 7.43164 12.9167 6.83333C12.9167 6.23503 12.4316 5.75 11.8333 5.75H7.91667V1.83333C7.91667 1.23503 7.43164 0.75 6.83333 0.75Z" fill="#fff" stroke="#fff" stroke-width="0.5"></path></svg></span></div><div class="ProductCard_imageContainer__ASSCc"><img alt="Şafak 5 kg Toz Şeker" src="https://cdn.cimri.io/market/88x88/safak-5-kg-toz-seker-_1432047.jpg" loading="lazy" srcSet="https://cdn.cimri.io/market/88x88/safak-5-kg-toz-seker-_1432047.jpg 1x, https://cdn.cimri.io/market/176x176/safak-5-kg-toz-seker-_1432047.jpg 2x" width="88" height="88"/></div><div class="ProductCard_productCardBody__dAwWi"><div class="ProductCard_productName__35zi5"><p>Şafak 5 kg Toz Şeker</p></div><div class="ProductCard_offers__2iP_C"><div class="WrapperBox_wrapper__1_OBD WrapperBox_left__2PpFA WrapperBox_small__VfD9r"><img alt="Bim" src="https://cdn.cimri.io/pictures/merchant-logos/15054.png?v=1" loading="lazy" width="50" height="24"/><span>+<!-- -->2<!-- --> satıcı</span></div></div></div><span class="ProductCard_oldPrice__1o3ky"></span></a><a href="/market/toz-ve-kup-seker/en-ucuz-safak-5-kg-toz-seker-fiyatlari,1161446"><div class="ProductCard_footer__Fc9OL"><span class="ProductCard_price__10UHp">174,50 TL</span><span>34,90 TL/kg</span></div></a><div class="ProductCard_addListButton__30OB_"><div class="AddListButton_addListButton__ujsTf"><span>Listeye Eklendi</span></div></div></div></div><div class="Col_col__2vJhp Col_col-xs-6__G4j0a Col_col-md-4__3chrz Col_col-lg-3__7tZhB ProductList_productContainer__2JTlf"><div class="ProductCard_productCard__412iI" data-AB="ab-test"><a href="/market/toz-ve-kup-seker/en-ucuz-merpak-2000-li-3-gram-kirmizi-beyaz-baskili-stick-toz-seker-fiyatlari,877003"><div class="ProductCard_actions__1LGjF ProductCard_hasTransition__1BTo4"><span id="ProductCard_counter__VIzjS"><span class="Counter_emptyCounter__7jLNj"><svg width="12" height="12" viewBox="0 0 14 14" fill="none" xmlns="http://www.w3.org/2000/svg"><path d="M6.83333 0.75C6.23503 0.75 5.75 1.23502 5.75 1.83333V5.75H1.83333C1.23502 5.75 0.75 6.23503 0.75 6.83333C0.75 7.43164 1.23503 7.91667 1.83333 7.91667H5.75V11.8333C5.75 12.4316 6.23503 12.9167 6.83333 12.9167C7.43164 12.9167 7.91667 12.4316 7.91667 11.8333V7.91667H11.8333C12.4316 7.91667 12.9167 7.43164 12.9167 6.83333C12.9167 6.23503 12.4316 5.75 11.8333 5.75H7.91667V1.83333C7.91667 1.23503 7.43164 0.75 6.83333 0.75Z" fill="#fff" stroke="#fff" stroke-width="0.5"></path></svg></span></span><span class="CounterForAB_emptyCounter__27X9P"><div style="display:flex;justify-content:flex-start;width:calc(100% - 32px);padding-left:8px"><span>Listeye Eklendi</span></div><svg width="12" height="12" viewBox="0 0 14 14" fill="none" xmlns="http://www.w3.org/2000/svg"><path d="M6.83333 0.75C6.23503 0.75 5.75 1.23502 5.75 1.83333V5.75H1.83333C1.23502 5.75 0.75 6.23503 0.75 6.83333C0.75 7.43164 1.23503 7.91667 1.83333 7.91667H5.75V11.8333C5.75 12.4316 6.23503 12.9167 6.83333 12.9167C7.43164 12.9167 7.91667 12.4316 7.91667 11.8333V7.91667H11.8333C12.4316 7.91667 12.9167 7.43164 12.9167 6.83333C12.9167 6.23503 12.4316 5.75 11.8333 5.75H7.91667V1.83333C7.91667 1.23503 7.43164 0.75 6.83333 0.75Z" fill="#fff" stroke="#fff" stroke-width="0.5"></path></svg></span></div><div class="ProductCard_imageContainer__ASSCc"><img alt="Merpak 2000&#x27;li 3 gram Kırmızı Beyaz Baskılı Stick Toz Şeker" src="https://cdn.cimri.io/market/88x88/merpak-2000li-3-gram-kirmizi-beyaz-baskili-stick-toz-seker-_922136.jpg" loading="lazy" srcSet="https://cdn.cimri.io/market/88x88/merpak-2000li-3-gram-kirmizi-beyaz-baskili-stick-toz-seker-_922136.jpg 1x, https://cdn.cimri.io/market/176x176/merpak-2000li-3-gram-kirmizi-beyaz-baskili-stick-toz-seker-_922136.jpg 2x" width="88" height="88"/></div><div class="ProductCard_productCardBody__dAwWi"><div class="ProductCard_productName__35zi5"><p>Merpak 2000&#x27;li 3 gram Kırmızı Beyaz Baskılı Stick Toz Şeker</p></div><div class="ProductCard_offers__2iP_C"><div class="WrapperBox_wrapper__1_OBD WrapperBox_left__2PpFA WrapperBox_small__VfD9r"><img alt="Amazon" src="https://cdn.cimri.io/pictures/merchant-logos/10370.png?v=1" loading="lazy" width="50" height="24"/><span>+<!-- -->1<!-- --> satıcı</span></div></div></div><span class="ProductCard_oldPrice__1o3ky"></span></a><div><div class="ProductCard_footerWrapper__3L_-e"><span class="ProductCard_price__10UHp">329,90 TL<svg width="12" height="12" viewBox="0 0 7 12" fill="none" xmlns="http://www.w3.org/2000/svg"><path d="M7 6.00001C6.99987 6.22475 6.90899 6.4399 6.748 6.59665L1.39345 11.769C1.24077 11.9177 1.03591 12.0006 0.822802 12C0.598631 11.9997 0.384266 11.908 0.229241 11.746C-0.0851275 11.4157 -0.0749083 10.8937 0.25215 10.5759L4.98814 6.00001L0.25215 1.42414C-0.0749083 1.10633 -0.0851275 0.584348 0.229241 0.253972C0.380205 0.0958206 0.588017 0.00446116 0.806579 0.000159073C1.02514 -0.00414301 1.23639 0.0789679 1.39345 0.231056L6.748 5.40357C6.90894 5.56028 6.99981 5.77535 7 6.00001Z" fill="#3ab424"></path></svg></span><span>54,98 TL/kg</span></div><div class="ProductCard_footer__Fc9OL"><span class="ProductCard_price__10UHp">329,90 TL<svg width="12" height="12" viewBox="0 0 7 12" fill="none" xmlns="http://www.w3.org/2000/svg"><path d="M7 6.00001C6.99987 6.22475 6.90899 6.4399 6.748 6.59665L1.39345 11.769C1.24077 11.9177 1.03591 12.0006 0.822802 12C0.598631 11.9997 0.384266 11.908 0.229241 11.746C-0.0851275 11.4157 -0.0749083 10.8937 0.25215 10.5759L4.98814 6.00001L0.25215 1.42414C-0.0749083 1.10633 -0.0851275 0.584348 0.229241 0.253972C0.380205 0.0958206 0.588017 0.00446116 0.806579 0.000159073C1.02514 -0.00414301 1.23639 0.0789679 1.39345 0.231056L6.748 5.40357C6.90894 5.56028 6.99981 5.77535 7 6.00001Z" fill="#3ab424"></path></svg></span><span>54,98 TL/kg</span></div></div><div class="ProductCard_addListButton__30OB_"><div class="AddListButton_addListButton__ujsTf"><span>Listeye Eklendi</span></div></div></div></div><div class="Col_col__2vJhp Col_col-xs-6__G4j0a Col_col-md-4__3chrz Col_col-lg-3__7tZhB ProductList_productContainer__2JTlf"><div class="ProductCard_productCard__412iI" data-AB="ab-test"><a href="/market/toz-ve-kup-seker/en-ucuz-turk-seker-kristal-toz-seker-5-kg-fiyatlari,129119"><div class="ProductCard_actions__1LGjF ProductCard_hasTransition__1BTo4"><span id="ProductCard_counter__VIzjS"><span class="Counter_emptyCounter__7jLNj"><svg width="12" height="12" viewBox="0 0 14 14" fill="none" xmlns="http://www.w3.org/2000/svg"><path d="M6.83333 0.75C6.23503 0.75 5.75 1.23502 5.75 1.83333V5.75H1.83333C1.23502 5.75 0.75 6.23503 0.75 6.83333C0.75 7.43164 1.23503 7.91667 1.83333 7.91667H5.75V11.8333C5.75 12.4316 6.23503 12.9167 6.83333 12.9167C7.43164 12.9167 7.91667 12.4316 7.91667 11.8333V7.91667H11.8333C12.4316 7.91667 12.9167 7.43164 12.9167 6.83333C12.9167 6.23503 12.4316 5.75 11.8333 5.75H7.91667V1.83333C7.91667 1.23503 7.43164 0.75 6.83333 0.75Z" fill="#fff" stroke="#fff" stroke-width="0.5"></path></svg></span></span><span class="CounterForAB_emptyCounter__27X9P"><div style="display:flex;justify-content:flex-start;width:calc(100% - 32px);padding-left:8px"><span>Listeye Eklendi</span></div><svg width="12" height="12" viewBox="0 0 14 14" fill="none" xmlns="http://www.w3.org/2000/svg"><path d="M6.83333 0.75C6.23503 0.75 5.75 1.23502 5.75 1.83333V5.75H1.83333C1.23502 5.75 0.75 6.23503 0.75 6.83333C0.75 7.43164 1.23503 7.91667 1.83333 7.91667H5.75V11.8333C5.75 12.4316 6.23503 12.9167 6.83333 12.9167C7.43164 12.9167 7.91667 12.4316 7.91667 11.8333V7.91667H11.8333C12.4316 7.91667 12.9167 7.43164 12.9167 6.83333C12.9167 6.23503 12.4316 5.75 11.8333 5.75H7.91667V1.83333C7.91667 1.23503 7.43164 0.75 6.83333 0.75Z" fill="#fff" stroke="#fff" stroke-width="0.5"></path></svg></span></div><div class="ProductCard_imageContainer__ASSCc"><img alt="Türk Şeker Kristal Toz Şeker 5 kg" src="https://cdn.cimri.io/market/88x88/turk-seker-kristal-toz-seker-5-kg-_1563238.jpg" loading="lazy" srcSet="https://cdn.cimri.io/market/88x88/turk-seker-kristal-toz-seker-5-kg-_1563238.jpg 1x, https://cdn.cimri.io/market/176x176/turk-seker-kristal-toz-seker-5-kg-_1563238.jpg 2x" width="88" height="88"/></div><div class="ProductCard_productCardBody__dAwWi"><div class="ProductCard_productName__35zi5"><p>Türk Şeker Kristal Toz Şeker 5 kg</p></div><div class="ProductCard_offers__2iP_C"><div class="WrapperBox_wrapper__1_OBD WrapperBox_left__2PpFA WrapperBox_small__VfD9r"><img alt="Tarım Kredi Kooperatifi" src="https://cdn.cimri.io/pictures/merchant-logos/15059.png?v=1" loading="lazy" width="50" height="24"/><span>+<!-- -->2<!-- --> satıcı</span></div></div></div><span class="ProductCard_oldPrice__1o3ky"></span></a><a href="/market/toz-ve-kup-seker/en-ucuz-turk-seker-kristal-toz-seker-5-kg-fiyatlari,129119"><div class="ProductCard_footer__Fc9OL"><span class="ProductCard_price__10UHp">168,50 TL</span><span>33,70 TL/kg</span></div></a><div class="ProductCard_addListButton__30OB_"><div class="AddListButton_addListButton__ujsTf"><span>Listeye Eklendi</span></div></div></div></div><div class="Col_col__2vJhp Col_col-xs-6__G4j0a Col_col-md-4__3chrz Col_col-lg-3__7tZhB ProductList_productContainer__2JTlf"><div class="ProductCard_productCard__412iI" data-AB="ab-test"><a href="/market/toz-ve-kup-seker/en-ucuz-bal-kupu-kup-seker-1-kg-fiyatlari,540588"><div class="ProductCard_actions__1LGjF ProductCard_hasTransition__1BTo4"><span id="ProductCard_counter__VIzjS"><span class="Counter_emptyCounter__7jLNj"><svg width="12" height="12" viewBox="0 0 14 14" fill="none" xmlns="http://www.w3.org/2000/svg"><path d="M6.83333 0.75C6.23503 0.75 5.75 1.23502 5.75 1.83333V5.75H1.83333C1.23502 5.75 0.75 6.23503 0.75 6.83333C0.75 7.43164 1.23503 7.91667 1.83333 7.91667H5.75V11.8333C5.75 12.4316 6.23503 12.9167 6.83333 12.9167C7.43164 12.9167 7.91667 12.4316 7.91667 11.8333V7.91667H11.8333C12.4316 7.91667 12.9167 7.43164 12.9167 6.83333C12.9167 6.23503 12.4316 5.75 11.8333 5.75H7.91667V1.83333C7.91667 1.23503 7.43164 0.75 6.83333 0.75Z" fill="#fff" stroke="#fff" stroke-width="0.5"></path></svg></span></span><span class="CounterForAB_emptyCounter__27X9P"><div style="display:flex;justify-content:flex-start;width:calc(100% - 32px);padding-left:8px"><span>Listeye Eklendi</span></div><svg width="12" height="12" viewBox="0 0 14 14" fill="none" xmlns="http://www.w3.org/2000/svg"><path d="M6.83333 0.75C6.23503 0.75 5.75 1.23502 5.75 1.83333V5.75H1.83333C1.23502 5.75 0.75 6.23503 0.75 6.83333C0.75 7.43164 1.23503 7.91667 1.83333 7.91667H5.75V11.8333C5.75 12.4316 6.23503 12.9167 6.83333 12.9167C7.43164 12.9167 7.91667 12.4316 7.91667 11.8333V7.91667H11.8333C12.4316 7.91667 12.9167 7.43164 12.9167 6.83333C12.9167 6.23503 12.4316 5.75 11.8333 5.75H7.91667V1.83333C7.91667 1.23503 7.43164 0.75 6.83333 0.75Z" fill="#fff" stroke="#fff" stroke-width="0.5"></path></svg></span></div><div class="ProductCard_imageContainer__ASSCc"><img alt="Bal Küpü Küp Şeker 1 kg" src="https://cdn.cimri.io/market/88x88/bal-kupu-kup-seker-1-kg-_507116.jpg" loading="lazy" srcSet="https://cdn.cimri.io/market/88x88/bal-kupu-kup-seker-1-kg-_507116.jpg 1x, https://cdn.cimri.io/market/176x176/bal-kupu-kup-seker-1-kg-_507116.jpg 2x" width="88" height="88"/></div><div class="ProductCard_productCardBody__dAwWi"><div class="ProductCard_productName__35zi5"><p>Bal Küpü Küp Şeker 1 kg</p></div><div class="ProductCard_offers__2iP_C"><div class="WrapperBox_wrapper__1_OBD WrapperBox_left__2PpFA WrapperBox_small__VfD9r"><img alt="a101" src="https://cdn.cimri.io/pictures/merchant-logos/15055.png?v=1" loading="lazy" width="50" height="24"/><span>+<!-- -->8<!-- --> satıcı</span></div></div></div><span class="ProductCard_oldPrice__1o3ky"></span></a><a href="/market/toz-ve-kup-seker/en-ucuz-bal-kupu-kup-seker-1-kg-fiyatlari,540588"><div class="ProductCard_footer__Fc9OL"><span class="ProductCard_price__10UHp">48,00 TL</span><span>2,40 TL/kg</span></div></a><div class="ProductCard_addListButton__30OB_"><div class="AddListButton_addListButton__ujsTf"><span>Listeye Eklendi</span></div></div></div></div><div class="Col_col__2vJhp Col_col-xs-6__G4j0a Col_col-md-4__3chrz Col_col-lg-3__7tZhB ProductList_productContainer__2JTlf"><div class="ProductCard_productCard__412iI" data-AB="ab-test"><a href="/market/toz-ve-kup-seker/en-ucuz-bor-seker-2-kg-toz-seker-fiyatlari,932540"><div class="ProductCard_actions__1LGjF ProductCard_hasTransition__1BTo4"><span id="ProductCard_counter__VIzjS"><span class="Counter_emptyCounter__7jLNj"><svg width="12" height="12" viewBox="0 0 14 14" fill="none" xmlns="http://www.w3.org/2000/svg"><path d="M6.83333 0.75C6.23503 0.75 5.75 1.23502 5.75 1.83333V5.75H1.83333C1.23502 5.75 0.75 6.23503 0.75 6.83333C0.75 7.43164 1.23503 7.91667 1.83333 7.91667H5.75V11.8333C5.75 12.4316 6.23503 12.9167 6.83333 12.9167C7.43164 12.9167 7.91667 12.4316 7.91667 11.8333V7.91667H11.8333C12.4316 7.91667 12.9167 7.43164 12.9167 6.83333C12.9167 6.23503 12.4316 5.75 11.8333 5.75H7.91667V1.83333C7.91667 1.23503 7.43164 0.75 6.83333 0.75Z" fill="#fff" stroke="#fff" stroke-width="0.5"></path></svg></span></span><span class="CounterForAB_emptyCounter__27X9P"><div style="display:flex;justify-content:flex-start;width:calc(100% - 32px);padding-left:8px"><span>Listeye Eklendi</span></div><svg width="12" height="12" viewBox="0 0 14 14" fill="none" xmlns="http://www.w3.org/2000/svg"><path d="M6.83333 0.75C6.23503 0.75 5.75 1.23502 5.75 1.83333V5.75H1.83333C1.23502 5.75 0.75 6.23503 0.75 6.83333C0.75 7.43164 1.23503 7.91667 1.83333 7.91667H5.75V11.8333C5.75 12.4316 6.23503 12.9167 6.83333 12.9167C7.43164 12.9167 7.91667 12.4316 7.91667 11.8333V7.91667H11.8333C12.4316 7.91667 12.9167 7.43164 12.9167 6.83333C12.9167 6.23503 12.4316 5.75 11.8333 5.75H7.91667V1.83333C7.91667 1.23503 7.43164 0.75 6.83333 0.75Z" fill="#fff" stroke="#fff" stroke-width="0.5"></path></svg></span></div><div class="ProductCard_imageContainer__ASSCc"><img alt="Bor Şeker 2 kg Toz Şeker" src="https://cdn.cimri.io/market/88x88/bor-seker-2-kg-toz-seker-_985683.jpg" loading="lazy" srcSet="https://cdn.cimri.io/market/88x88/bor-seker-2-kg-toz-seker-_985683.jpg 1x, https://cdn.cimri.io/market/176x176/bor-seker-2-kg-toz-seker-_985683.jpg 2x" width="88" height="88"/></div><div class="ProductCard_productCardBody__dAwWi"><div class="ProductCard_productName__35zi5"><p>Bor Şeker 2 kg Toz Şeker</p></div><div class="ProductCard_offers__2iP_C"><div class="WrapperBox_wrapper__1_OBD WrapperBox_left__2PpFA WrapperBox_small__VfD9r"><img alt="a101" src="https://cdn.cimri.io/pictures/merchant-logos/15055.png?v=1" loading="lazy" width="50" height="24"/><span>+<!-- -->4<!-- --> satıcı</span></div></div></div><span class="ProductCard_oldPrice__1o3ky"></span></a><a href="/market/toz-ve-kup-seker/en-ucuz-bor-seker-2-kg-toz-seker-fiyatlari,932540"><div class="ProductCard_footer__Fc9OL"><span class="ProductCard_price__10UHp">69,90 TL</span><span>34,95 TL/kg</span></div></a><div class="ProductCard_addListButton__30OB_"><div class="AddListButton_addListButton__ujsTf"><span>Listeye Eklendi</span></div></div></div></div><div class="Col_col__2vJhp Col_col-xs-6__G4j0a Col_col-md-4__3chrz Col_col-lg-3__7tZhB ProductList_productContainer__2JTlf"><div class="ProductCard_productCard__412iI" data-AB="ab-test"><a href="/market/toz-ve-kup-seker/en-ucuz-irmak-5-kg-toz-seker-fiyatlari,51416"><div class="ProductCard_discountBadge__2HnY4">↓%4</div><div class="ProductCard_popoverWrapper__2Ncvh"><span class="ProductCard_span__17o6b"></span><div class="ProductCard_popover__tf5mQ">Son 30 gün içerisindeki en ucuz fiyatlar üstünden hesaplanan indirim oranı</div></div><div class="ProductCard_actions__1LGjF ProductCard_hasTransition__1BTo4"><span id="ProductCard_counter__VIzjS"><span class="Counter_emptyCounter__7jLNj"><svg width="12" height="12" viewBox="0 0 14 14" fill="none" xmlns="http://www.w3.org/2000/svg"><path d="M6.83333 0.75C6.23503 0.75 5.75 1.23502 5.75 1.83333V5.75H1.83333C1.23502 5.75 0.75 6.23503 0.75 6.83333C0.75 7.43164 1.23503 7.91667 1.83333 7.91667H5.75V11.8333C5.75 12.4316 6.23503 12.9167 6.83333 12.9167C7.43164 12.9167 7.91667 12.4316 7.91667 11.8333V7.91667H11.8333C12.4316 7.91667 12.9167 7.43164 12.9167 6.83333C12.9167 6.23503 12.4316 5.75 11.8333 5.75H7.91667V1.83333C7.91667 1.23503 7.43164 0.75 6.83333 0.75Z" fill="#fff" stroke="#fff" stroke-width="0.5"></path></svg></span></span><span class="CounterForAB_emptyCounter__27X9P"><div style="display:flex;justify-content:flex-start;width:calc(100% - 32px);padding-left:8px"><span>Listeye Eklendi</span></div><svg width="12" height="12" viewBox="0 0 14 14" fill="none" xmlns="http://www.w3.org/2000/svg"><path d="M6.83333 0.75C6.23503 0.75 5.75 1.23502 5.75 1.83333V5.75H1.83333C1.23502 5.75 0.75 6.23503 0.75 6.83333C0.75 7.43164 1.23503 7.91667 1.83333 7.91667H5.75V11.8333C5.75 12.4316 6.23503 12.9167 6.83333 12.9167C7.43164 12.9167 7.91667 12.4316 7.91667 11.8333V7.91667H11.8333C12.4316 7.91667 12.9167 7.43164 12.9167 6.83333C12.9167 6.23503 12.4316 5.75 11.8333 5.75H7.91667V1.83333C7.91667 1.23503 7.43164 0.75 6.83333 0.75Z" fill="#fff" stroke="#fff" stroke-width="0.5"></path></svg></span></div><div class="ProductCard_imageContainer__ASSCc"><img alt="Irmak 5 kg Toz Şeker" src="https://cdn.cimri.io/market/88x88/irmak-5-kg-toz-seker-_280824.jpg" loading="lazy" srcSet="https://cdn.cimri.io/market/88x88/irmak-5-kg-toz-seker-_280824.jpg 1x, https://cdn.cimri.io/market/176x176/irmak-5-kg-toz-seker-_280824.jpg 2x" width="88" height="88"/></div><div class="ProductCard_productCardBody__dAwWi"><div class="ProductCard_productName__35zi5"><p>Irmak 5 kg Toz Şeker</p></div><div class="ProductCard_offers__2iP_C"><div class="WrapperBox_wrapper__1_OBD WrapperBox_left__2PpFA WrapperBox_small__VfD9r"><img alt="Hakmarekspress" src="https://cdn.cimri.io/pictures/merchant-logos/15060.png?v=1" loading="lazy" width="50" height="24"/><span>+<!-- -->6<!-- --> satıcı</span></div></div></div><span class="ProductCard_oldPrice__1o3ky">152,04</span></a><a href="/market/toz-ve-kup-seker/en-ucuz-irmak-5-kg-toz-seker-fiyatlari,51416"><div class="ProductCard_footer__Fc9OL"><span class="ProductCard_price__10UHp">145,90 TL</span><span>29,18 TL/kg</span></div></a><div class="ProductCard_addListButton__30OB_"><div class="AddListButton_addListButton__ujsTf"><span>Listeye Eklendi</span></div></div></div></div><div class="Col_col__2vJhp Col_col-xs-6__G4j0a Col_col-md-4__3chrz Col_col-lg-3__7tZhB ProductList_productContainer__2JTlf"><div class="ProductCard_productCard__412iI" data-AB="ab-test"><a href="/market/toz-ve-kup-seker/en-ucuz-tos-the-organic-spices-500-gr-esmer-kahverengi-seker-fiyatlari,1509164"><div class="ProductCard_actions__1LGjF ProductCard_hasTransition__1BTo4"><span id="ProductCard_counter__VIzjS"><span class="Counter_emptyCounter__7jLNj"><svg width="12" height="12" viewBox="0 0 14 14" fill="none" xmlns="http://www.w3.org/2000/svg"><path d="M6.83333 0.75C6.23503 0.75 5.75 1.23502 5.75 1.83333V5.75H1.83333C1.23502 5.75 0.75 6.23503 0.75 6.83333C0.75 7.43164 1.23503 7.91667 1.83333 7.91667H5.75V11.8333C5.75 12.4316 6.23503 12.9167 6.83333 12.9167C7.43164 12.9167 7.91667 12.4316 7.91667 11.8333V7.91667H11.8333C12.4316 7.91667 12.9167 7.43164 12.9167 6.83333C12.9167 6.23503 12.4316 5.75 11.8333 5.75H7.91667V1.83333C7.91667 1.23503 7.43164 0.75 6.83333 0.75Z" fill="#fff" stroke="#fff" stroke-width="0.5"></path></svg></span></span><span class="CounterForAB_emptyCounter__27X9P"><div style="display:flex;justify-content:flex-start;width:calc(100% - 32px);padding-left:8px"><span>Listeye Eklendi</span></div><svg width="12" height="12" viewBox="0 0 14 14" fill="none" xmlns="http://www.w3.org/2000/svg"><path d="M6.83333 0.75C6.23503 0.75 5.75 1.23502 5.75 1.83333V5.75H1.83333C1.23502 5.75 0.75 6.23503 0.75 6.83333C0.75 7.43164 1.23503 7.91667 1.83333 7.91667H5.75V11.8333C5.75 12.4316 6.23503 12.9167 6.83333 12.9167C7.43164 12.9167 7.91667 12.4316 7.91667 11.8333V7.91667H11.8333C12.4316 7.91667 12.9167 7.43164 12.9167 6.83333C12.9167 6.23503 12.4316 5.75 11.8333 5.75H7.91667V1.83333C7.91667 1.23503 7.43164 0.75 6.83333 0.75Z" fill="#fff" stroke="#fff" stroke-width="0.5"></path></svg></span></div><div class="ProductCard_imageContainer__ASSCc"><img alt="TOS The Organic Spices 500 gr Esmer Kahverengi Şeker" src="https://cdn.cimri.io/market/88x88/tos-the-organic-spices-500-gr-esmer-kahverengi-seker-_1987698.jpg" loading="lazy" srcSet="https://cdn.cimri.io/market/88x88/tos-the-organic-spices-500-gr-esmer-kahverengi-seker-_1987698.jpg 1x, https://cdn.cimri.io/market/176x176/tos-the-organic-spices-500-gr-esmer-kahverengi-seker-_1987698.jpg 2x" width="88" height="88"/></div><div class="ProductCard_productCardBody__dAwWi"><div class="ProductCard_productName__35zi5"><p>TOS The Organic Spices 500 gr Esmer Kahverengi Şeker</p></div><div class="ProductCard_offers__2iP_C"><div class="WrapperBox_wrapper__1_OBD WrapperBox_left__2PpFA WrapperBox_small__VfD9r"><img alt="PttAVM" src="https://cdn.cimri.io/pictures/merchant-logos/11512.png?v=1" loading="lazy" width="50" height="24"/><span>+<!-- -->1<!-- --> satıcı</span></div></div></div><span class="ProductCard_oldPrice__1o3ky"></span></a><div><div class="ProductCard_footerWrapper__3L_-e"><span class="ProductCard_price__10UHp">271,82 TL<svg width="12" height="12" viewBox="0 0 7 12" fill="none" xmlns="http://www.w3.org/2000/svg"><path d="M7 6.00001C6.99987 6.22475 6.90899 6.4399 6.748 6.59665L1.39345 11.769C1.24077 11.9177 1.03591 12.0006 0.822802 12C0.598631 11.9997 0.384266 11.908 0.229241 11.746C-0.0851275 11.4157 -0.0749083 10.8937 0.25215 10.5759L4.98814 6.00001L0.25215 1.42414C-0.0749083 1.10633 -0.0851275 0.584348 0.229241 0.253972C0.380205 0.0958206 0.588017 0.00446116 0.806579 0.000159073C1.02514 -0.00414301 1.23639 0.0789679 1.39345 0.231056L6.748 5.40357C6.90894 5.56028 6.99981 5.77535 7 6.00001Z" fill="#3ab424"></path></svg></span></div><div class="ProductCard_footer__Fc9OL"><span class="ProductCard_price__10UHp">271,82 TL<svg width="12" height="12" viewBox="0 0 7 12" fill="none" xmlns="http://www.w3.org/2000/svg"><path d="M7 6.00001C6.99987 6.22475 6.90899 6.4399 6.748 6.59665L1.39345 11.769C1.24077 11.9177 1.03591 12.0006 0.822802 12C0.598631 11.9997 0.384266 11.908 0.229241 11.746C-0.0851275 11.4157 -0.0749083 10.8937 0.25215 10.5759L4.98814 6.00001L0.25215 1.42414C-0.0749083 1.10633 -0.0851275 0.584348 0.229241 0.253972C0.380205 0.0958206 0.588017 0.00446116 0.806579 0.000159073C1.02514 -0.00414301 1.23639 0.0789679 1.39345 0.231056L6.748 5.40357C6.90894 5.56028 6.99981 5.77535 7 6.00001Z" fill="#3ab424"></path></svg></span></div></div><div class="ProductCard_addListButton__30OB_"><div class="AddListButton_addListButton__ujsTf"><span>Listeye Eklendi</span></div></div></div></div></div></div><div class="Wrapper_pagination__yOutk"><div class="Pagination_pagination__6kvLO"><ul><li><button btnmode="prev" aria-label="previous page" class="Pagination_prevButton__lCuSQ Pagination_disabled__2vtkb" disabled=""><svg width="12" height="12" viewBox="0 0 8 12" fill="none" xmlns="http://www.w3.org/2000/svg"><path d="M0.5 6.00001C0.500131 6.22475 0.591006 6.4399 0.752003 6.59665L6.10655 11.769C6.25923 11.9177 6.46409 12.0006 6.6772 12C6.90137 11.9997 7.11573 11.908 7.27076 11.746C7.58513 11.4157 7.57491 10.8937 7.24785 10.5759L2.51186 6.00001L7.24785 1.42414C7.57491 1.10633 7.58513 0.584348 7.27076 0.253972C7.11979 0.0958206 6.91198 0.00446116 6.69342 0.000159073C6.47486 -0.00414301 6.26361 0.0789679 6.10655 0.231056L0.752003 5.40357C0.591058 5.56028 0.500187 5.77535 0.5 6.00001Z" fill="#929da6"></path></svg></button></li><li><a href="/market/arama?q=%C5%9Feker" class="Pagination_active__1hLe3">1</a></li><li><a href="/market/arama?q=%C5%9Feker&amp;page=2">2</a></li><li><a href="/market/arama?q=%C5%9Feker&amp;page=3">3</a></li><li><a href="/market/arama?q=%C5%9Feker&amp;page=4">4</a></li><li><a href="/market/arama?q=%C5%9Feker&amp;page=5">5</a></li><li><a href="/market/arama?q=%C5%9Feker&amp;page=6">6</a></li><li><a href="/market/arama?q=%C5%9Feker&amp;page=7">7</a></li><li>...</li><li><a href="/market/arama?q=%C5%9Feker&amp;page=50">50</a></li><li><a btnmode="next" aria-label="next page" href="/market/arama?q=%C5%9Feker&amp;page=2" class="Pagination_nextButton__Bi042"><svg width="12" height="12" viewBox="0 0 7 12" fill="none" xmlns="http://www.w3.org/2000/svg"><path d="M7 6.00001C6.99987 6.22475 6.90899 6.4399 6.748 6.59665L1.39345 11.769C1.24077 11.9177 1.03591 12.0006 0.822802 12C0.598631 11.9997 0.384266 11.908 0.229241 11.746C-0.0851275 11.4157 -0.0749083 10.8937 0.25215 10.5759L4.98814 6.00001L0.25215 1.42414C-0.0749083 1.10633 -0.0851275 0.584348 0.229241 0.253972C0.380205 0.0958206 0.588017 0.00446116 0.806579 0.000159073C1.02514 -0.00414301 1.23639 0.0789679 1.39345 0.231056L6.748 5.40357C6.90894 5.56028 6.99981 5.77535 7 6.00001Z" fill="#929da6"></path></svg></a></li></ul></div><div class="Pagination_paginationMobile__24I29"><button btnmode="prev" disabled="" class="Pagination_prevButton__lCuSQ Pagination_disabled__2vtkb"><svg width="12" height="12" viewBox="0 0 8 12" fill="none" xmlns="http://www.w3.org/2000/svg"><path d="M0.5 6.00001C0.500131 6.22475 0.591006 6.4399 0.752003 6.59665L6.10655 11.769C6.25923 11.9177 6.46409 12.0006 6.6772 12C6.90137 11.9997 7.11573 11.908 7.27076 11.746C7.58513 11.4157 7.57491 10.8937 7.24785 10.5759L2.51186 6.00001L7.24785 1.42414C7.57491 1.10633 7.58513 0.584348 7.27076 0.253972C7.11979 0.0958206 6.91198 0.00446116 6.69342 0.000159073C6.47486 -0.00414301 6.26361 0.0789679 6.10655 0.231056L0.752003 5.40357C0.591058 5.56028 0.500187 5.77535 0.5 6.00001Z" fill="#929da6"></path></svg><span>Önceki</span></button><span>1/50</span><a btnmode="next" href="/market/arama?q=%C5%9Feker&amp;page=2" class="Pagination_nextButton__Bi042"><span>Sonraki</span><svg width="12" height="12" viewBox="0 0 7 12" fill="none" xmlns="http://www.w3.org/2000/svg"><path d="M7 6.00001C6.99987 6.22475 6.90899 6.4399 6.748 6.59665L1.39345 11.769C1.24077 11.9177 1.03591 12.0006 0.822802 12C0.598631 11.9997 0.384266 11.908 0.229241 11.746C-0.0851275 11.4157 -0.0749083 10.8937 0.25215 10.5759L4.98814 6.00001L0.25215 1.42414C-0.0749083 1.10633 -0.0851275 0.584348 0.229241 0.253972C0.380205 0.0958206 0.588017 0.00446116 0.806579 0.000159073C1.02514 -0.00414301 1.23639 0.0789679 1.39345 0.231056L6.748 5.40357C6.90894 5.56028 6.99981 5.77535 7 6.00001Z" fill="#929da6"></path></svg></a></div></div></div></section><div class="Wrapper_infoBoxEmpty__QNeec"><div class="InfoBox_container__1KV4U"><p>&quot;şeker&quot; ile ilgili cimri sonuçlarına göz at!</p><a href="https://www.cimri.com/arama?q=şeker"><button class="Button_button__Z4wtb Button_tertiary_inverse__19YpM Button_icon_class__2X1kV"><p>cimri &quot;139742&quot; sonuç!</p><svg width="12" height="12" viewBox="0 0 9 9" fill="none" xmlns="http://www.w3.org/2000/svg"><path d="M1.84739 8.0142L7.36586 2.4858L7.35591 6.71165L8.62367 6.71165L8.62367 0.318182L2.23517 0.318182L2.22523 1.57599L6.45108 1.57599L0.937589 7.09943L1.84739 8.0142Z" fill="#929da6"></path></svg></button></a></div></div><div class="MbOnly_mbOnly__2DyOz"><div class="Wrapper_breadcrumb__3Cx_M"></div></div></div></main></div></div></div><div class="MbOnly_mbOnly__2DyOz"><div class="Modal_modalWrapper__1q8kM"><div class="Modal_modalContainer__G7nhL" style="width:100%;height:100%"><div class="Modal_closeIcon__1cHKZ"></div><div><nav><div class="MobileNavigation_menuTop__1wFHN"><h3 class="MobileNavigation_header__2QaiX">Kategoriler</h3></div><ul class="MobileNavigation_menu__n9Fv5"><li class="MobileNavigation_menuItem__Ydo1K">Gıda<svg width="12" height="12" viewBox="0 0 7 12" fill="none" xmlns="http://www.w3.org/2000/svg"><path d="M7 6.00001C6.99987 6.22475 6.90899 6.4399 6.748 6.59665L1.39345 11.769C1.24077 11.9177 1.03591 12.0006 0.822802 12C0.598631 11.9997 0.384266 11.908 0.229241 11.746C-0.0851275 11.4157 -0.0749083 10.8937 0.25215 10.5759L4.98814 6.00001L0.25215 1.42414C-0.0749083 1.10633 -0.0851275 0.584348 0.229241 0.253972C0.380205 0.0958206 0.588017 0.00446116 0.806579 0.000159073C1.02514 -0.00414301 1.23639 0.0789679 1.39345 0.231056L6.748 5.40357C6.90894 5.56028 6.99981 5.77535 7 6.00001Z" fill="#929da6"></path></svg></li><li class="MobileNavigation_menuItem__Ydo1K">Süt ve Kahvaltılık<svg width="12" height="12" viewBox="0 0 7 12" fill="none" xmlns="http://www.w3.org/2000/svg"><path d="M7 6.00001C6.99987 6.22475 6.90899 6.4399 6.748 6.59665L1.39345 11.769C1.24077 11.9177 1.03591 12.0006 0.822802 12C0.598631 11.9997 0.384266 11.908 0.229241 11.746C-0.0851275 11.4157 -0.0749083 10.8937 0.25215 10.5759L4.98814 6.00001L0.25215 1.42414C-0.0749083 1.10633 -0.0851275 0.584348 0.229241 0.253972C0.380205 0.0958206 0.588017 0.00446116 0.806579 0.000159073C1.02514 -0.00414301 1.23639 0.0789679 1.39345 0.231056L6.748 5.40357C6.90894 5.56028 6.99981 5.77535 7 6.00001Z" fill="#929da6"></path></svg></li><li class="MobileNavigation_menuItem__Ydo1K">Meyve ve Sebze<svg width="12" height="12" viewBox="0 0 7 12" fill="none" xmlns="http://www.w3.org/2000/svg"><path d="M7 6.00001C6.99987 6.22475 6.90899 6.4399 6.748 6.59665L1.39345 11.769C1.24077 11.9177 1.03591 12.0006 0.822802 12C0.598631 11.9997 0.384266 11.908 0.229241 11.746C-0.0851275 11.4157 -0.0749083 10.8937 0.25215 10.5759L4.98814 6.00001L0.25215 1.42414C-0.0749083 1.10633 -0.0851275 0.584348 0.229241 0.253972C0.380205 0.0958206 0.588017 0.00446116 0.806579 0.000159073C1.02514 -0.00414301 1.23639 0.0789679 1.39345 0.231056L6.748 5.40357C6.90894 5.56028 6.99981 5.77535 7 6.00001Z" fill="#929da6"></path></svg></li><li class="MobileNavigation_menuItem__Ydo1K">İçecek<svg width="12" height="12" viewBox="0 0 7 12" fill="none" xmlns="http://www.w3.org/2000/svg"><path d="M7 6.00001C6.99987 6.22475 6.90899 6.4399 6.748 6.59665L1.39345 11.769C1.24077 11.9177 1.03591 12.0006 0.822802 12C0.598631 11.9997 0.384266 11.908 0.229241 11.746C-0.0851275 11.4157 -0.0749083 10.8937 0.25215 10.5759L4.98814 6.00001L0.25215 1.42414C-0.0749083 1.10633 -0.0851275 0.584348 0.229241 0.253972C0.380205 0.0958206 0.588017 0.00446116 0.806579 0.000159073C1.02514 -0.00414301 1.23639 0.0789679 1.39345 0.231056L6.748 5.40357C6.90894 5.56028 6.99981 5.77535 7 6.00001Z" fill="#929da6"></path></svg></li><li class="MobileNavigation_menuItem__Ydo1K">Et, Tavuk ve Balık<svg width="12" height="12" viewBox="0 0 7 12" fill="none" xmlns="http://www.w3.org/2000/svg"><path d="M7 6.00001C6.99987 6.22475 6.90899 6.4399 6.748 6.59665L1.39345 11.769C1.24077 11.9177 1.03591 12.0006 0.822802 12C0.598631 11.9997 0.384266 11.908 0.229241 11.746C-0.0851275 11.4157 -0.0749083 10.8937 0.25215 10.5759L4.98814 6.00001L0.25215 1.42414C-0.0749083 1.10633 -0.0851275 0.584348 0.229241 0.253972C0.380205 0.0958206 0.588017 0.00446116 0.806579 0.000159073C1.02514 -0.00414301 1.23639 0.0789679 1.39345 0.231056L6.748 5.40357C6.90894 5.56028 6.99981 5.77535 7 6.00001Z" fill="#929da6"></path></svg></li><li class="MobileNavigation_menuItem__Ydo1K">Deterjan ve Temizlik Ürünleri<svg width="12" height="12" viewBox="0 0 7 12" fill="none" xmlns="http://www.w3.org/2000/svg"><path d="M7 6.00001C6.99987 6.22475 6.90899 6.4399 6.748 6.59665L1.39345 11.769C1.24077 11.9177 1.03591 12.0006 0.822802 12C0.598631 11.9997 0.384266 11.908 0.229241 11.746C-0.0851275 11.4157 -0.0749083 10.8937 0.25215 10.5759L4.98814 6.00001L0.25215 1.42414C-0.0749083 1.10633 -0.0851275 0.584348 0.229241 0.253972C0.380205 0.0958206 0.588017 0.00446116 0.806579 0.000159073C1.02514 -0.00414301 1.23639 0.0789679 1.39345 0.231056L6.748 5.40357C6.90894 5.56028 6.99981 5.77535 7 6.00001Z" fill="#929da6"></path></svg></li><li class="MobileNavigation_mainCategories__3z2Qz">Cimri.com Kategorileri<svg width="12" height="12" viewBox="0 0 7 12" fill="none" xmlns="http://www.w3.org/2000/svg"><path d="M7 6.00001C6.99987 6.22475 6.90899 6.4399 6.748 6.59665L1.39345 11.769C1.24077 11.9177 1.03591 12.0006 0.822802 12C0.598631 11.9997 0.384266 11.908 0.229241 11.746C-0.0851275 11.4157 -0.0749083 10.8937 0.25215 10.5759L4.98814 6.00001L0.25215 1.42414C-0.0749083 1.10633 -0.0851275 0.584348 0.229241 0.253972C0.380205 0.0958206 0.588017 0.00446116 0.806579 0.000159073C1.02514 -0.00414301 1.23639 0.0789679 1.39345 0.231056L6.748 5.40357C6.90894 5.56028 6.99981 5.77535 7 6.00001Z" fill="#929da6"></path></svg></li></ul></nav></div></div></div><div class="BottomNavigation_bottomNavigationWrapper__2NK7W"><div class="BottomNavigation_bottomNavigation__GjRx_"><button class="NavigationBarItem_navigationBarItem__2__g1 "><svg xmlns="http://www.w3.org/2000/svg" width="24" height="24" viewBox="0 0 26 26" fill="none"><path d="M22.8932 11.4831L13.7966 3.34685C13.6746 3.23783 13.5179 3.17773 13.3557 3.17773C13.1935 3.17773 13.0369 3.23783 12.9149 3.34685L3.81823 11.4831C3.75055 11.5417 3.69497 11.6134 3.65473 11.6941C3.61449 11.7748 3.5904 11.8628 3.58385 11.9531C3.57731 12.0434 3.58843 12.1341 3.6166 12.22C3.64476 12.3058 3.68938 12.3851 3.74788 12.4532C3.80637 12.5213 3.87756 12.5768 3.95731 12.6165C4.03705 12.6563 4.12376 12.6794 4.21237 12.6847C4.30097 12.6899 4.38971 12.6771 4.47341 12.647C4.55712 12.6169 4.63412 12.5701 4.69992 12.5094L5.404 11.8802V22.0266C5.404 22.1162 5.4213 22.205 5.45492 22.2878C5.48854 22.3705 5.53782 22.4458 5.59994 22.5091C5.66206 22.5725 5.73581 22.6227 5.81698 22.657C5.89814 22.6913 5.98513 22.709 6.07298 22.709H20.6385C20.7263 22.709 20.8133 22.6913 20.8945 22.657C20.9756 22.6227 21.0494 22.5725 21.1115 22.5091C21.1736 22.4458 21.2229 22.3705 21.2565 22.2878C21.2901 22.205 21.3074 22.1162 21.3074 22.0266V11.8802L22.0115 12.5094C22.1454 12.6252 22.3186 12.6827 22.4936 12.6695C22.6687 12.6563 22.8317 12.5734 22.9474 12.4387C23.0631 12.3041 23.1223 12.1284 23.1122 11.9496C23.102 11.7708 23.0234 11.6033 22.8932 11.4831V11.4831ZM11.8109 21.3443V15.7248H14.8952V21.3453H11.8109V21.3443ZM19.9705 10.689V21.3443H16.2385V15.0425C16.2385 14.9528 16.2212 14.8641 16.1876 14.7813C16.154 14.6985 16.1047 14.6233 16.0426 14.56C15.9804 14.4966 15.9067 14.4463 15.8255 14.412C15.7444 14.3777 15.6574 14.3601 15.5695 14.3601H11.143C11.0551 14.3601 10.9681 14.3777 10.887 14.412C10.8058 14.4463 10.7321 14.4966 10.6699 14.56C10.6078 14.6233 10.5585 14.6985 10.5249 14.7813C10.4913 14.8641 10.474 14.9528 10.474 15.0425V21.3453H6.74302V10.689L13.3563 4.77666L19.9705 10.689C19.9705 10.689 19.9705 10.6879 19.9705 10.689Z" fill="#13161a" stroke="#13161a" stroke-width="0.2"></path></svg><span class="NavigationBarItem_label__2Dh0d">Anasayfa</span></button><button class="NavigationBarItem_navigationBarItem__2__g1 "><svg xmlns="http://www.w3.org/2000/svg" width="24" height="24" viewBox="0 0 25 24" fill="none"><path d="M1.84033 4.25C1.284 4.25 0.833008 4.70099 0.833008 5.25732C0.833008 5.81364 1.284 6.26464 1.84033 6.26464H7.26125C7.81757 6.26464 8.26856 5.81364 8.26856 5.25732C8.26856 4.70099 7.81757 4.25 7.26125 4.25H1.84033Z" fill="#13161a"></path><path fill-rule="evenodd" clip-rule="evenodd" d="M24.3822 18.0938L21.3752 15.0868C22.423 13.7369 22.917 12.0385 22.7567 10.3372C22.5963 8.63595 21.7936 7.05973 20.512 5.92945C19.2304 4.79917 17.5663 4.19978 15.8583 4.2533C14.1503 4.30682 12.5269 5.00924 11.3186 6.21755C10.1103 7.42586 9.4079 9.04924 9.35437 10.7572C9.30085 12.4652 9.90024 14.1294 11.0305 15.411C12.1608 16.6926 13.737 17.4952 15.4383 17.6556C17.1396 17.816 18.838 17.3219 20.1879 16.2741L23.194 19.2803C23.2714 19.3605 23.364 19.4245 23.4664 19.4686C23.5688 19.5127 23.679 19.5359 23.7905 19.537C23.902 19.538 24.0126 19.5169 24.1158 19.4747C24.219 19.4326 24.3128 19.3703 24.3917 19.2915C24.4706 19.2127 24.533 19.119 24.5753 19.0158C24.6176 18.9127 24.6389 18.8021 24.6381 18.6906C24.6372 18.5791 24.6141 18.4689 24.5701 18.3665C24.5262 18.264 24.4623 18.1713 24.3822 18.0938ZM17.9972 15.6227C17.3859 15.8759 16.7307 16.0063 16.0691 16.0063C14.7329 16.0063 13.4514 15.4754 12.5066 14.5306C11.5617 13.5857 11.0309 12.3043 11.0309 10.968C11.0309 9.63182 11.5617 8.35033 12.5066 7.40549C13.4514 6.46064 14.7329 5.92983 16.0691 5.92983C16.7307 5.92983 17.3859 6.06014 17.9972 6.31334C18.6084 6.56653 19.1638 6.93764 19.6317 7.40549C20.0995 7.87333 20.4706 8.42874 20.7238 9.04C20.977 9.65126 21.1073 10.3064 21.1073 10.968C21.1073 11.6297 20.977 12.2848 20.7238 12.8961C20.4706 13.5073 20.0995 14.0628 19.6317 14.5306C19.1638 14.9984 18.6084 15.3695 17.9972 15.6227Z" fill="#13161a"></path><path d="M0.833008 11.5032C0.833008 10.9468 1.284 10.4958 1.84033 10.4958H5.25364C5.80997 10.4958 6.26096 10.9468 6.26096 11.5032C6.26096 12.0595 5.80997 12.5105 5.25364 12.5105H1.84033C1.284 12.5105 0.833008 12.0595 0.833008 11.5032Z" fill="#13161a"></path><path d="M1.84033 16.7421C1.284 16.7421 0.833008 17.1931 0.833008 17.7494C0.833008 18.3057 1.284 18.7567 1.84033 18.7567H7.26125C7.81757 18.7567 8.26856 18.3057 8.26856 17.7494C8.26856 17.1931 7.81757 16.7421 7.26125 16.7421H1.84033Z" fill="#13161a"></path></svg><span class="NavigationBarItem_label__2Dh0d">Kategoriler</span></button><button class="NavigationBarItem_navigationBarItem__2__g1 "><span class="NavigationBarItem_badge__tN303">0</span><svg width="24" height="24" viewBox="0 0 19 21" fill="none" xmlns="http://www.w3.org/2000/svg"><path d="M13.4583 8.66667C13.4583 9.68333 13.0545 10.6584 12.3356 11.3772C11.6167 12.0961 10.6417 12.5 9.625 12.5C8.60834 12.5 7.63331 12.0961 6.91442 11.3772C6.19553 10.6584 5.79167 9.68333 5.79167 8.66667M3.875 1L1 4.83333V18.25C1 19.3042 1.8625 20.1667 2.91667 20.1667H16.3333C16.8417 20.1667 17.3292 19.9647 17.6886 19.6053C18.0481 19.2458 18.25 18.7583 18.25 18.25V4.83333L15.375 1H3.875ZM1.76667 4.83333H17.4833H1.76667Z" stroke="#13161a" stroke-width="1.4" stroke-linecap="round" stroke-linejoin="round"></path></svg><span class="NavigationBarItem_label__2Dh0d">Listem</span></button></div></div></div><div><div class="Footer_footer__2AN17"><div class="Container_container__31UmU"><div class="Row_row__1v6Iy"><div class="Footer_menuWrapper__3OLCR"><div class="Footer_menuTitleContainer__2fx8F"><span class="Footer_menuTitle__2G4MY">Popüler Kategoriler</span></div><div class="Footer_menuListContainer__KRGBB"><ul class="Footer_menuList__16axk"><li class="Footer_menuListItem__3kalp"><a aria-label="Cep Telefonu" title="Cep Telefonu" href="/cep-telefonu">Cep Telefonu</a></li><li class="Footer_menuListItem__3kalp"><a aria-label="Dizüstü Bilgisayar" title="Dizüstü Bilgisayar" href="/dizustu-bilgisayar">Dizüstü Bilgisayar</a></li><li class="Footer_menuListItem__3kalp"><a aria-label="Elektrikli Süpürgeler" title="Elektrikli Süpürgeler" href="/elektrikli-supurgeler">Elektrikli Süpürgeler</a></li><li class="Footer_menuListItem__3kalp"><a aria-label="Kış Lastikleri" title="Kış Lastikleri" href="/kis-lastikleri-fiyatlari">Kış Lastikleri</a></li><li class="Footer_menuListItem__3kalp"><a aria-label="Kurutma Makinesi" title="Kurutma Makinesi" href="/camasir-kurutma-makineleri">Kurutma Makinesi</a></li><li class="Footer_menuListItem__3kalp"><a aria-label="Sobalar" title="Sobalar" href="/sobalar">Sobalar</a></li><li class="Footer_menuListItem__3kalp"><a aria-label="Kombiler" title="Kombiler" href="/kombiler">Kombiler</a></li><li class="Footer_menuListItem__3kalp"><a aria-label="Akıllı Saat" title="Akıllı Saat" href="/akilli-saat">Akıllı Saat</a></li><li class="Footer_menuListItem__3kalp"><a aria-label="Elektrikli Isıtıcılar" title="Elektrikli Isıtıcılar" href="/isiticilar">Elektrikli Isıtıcılar</a></li><li class="Footer_menuListItem__3kalp"><a aria-label="Çamaşır Makineleri" title="Çamaşır Makineleri" href="/camasir-makineleri">Çamaşır Makineleri</a></li><li class="Footer_menuListItem__3kalp"><a aria-label="Akü" title="Akü" href="/aku">Akü</a></li><li class="Footer_menuListItem__3kalp"><a aria-label="Kahve Makineleri" title="Kahve Makineleri" href="/kahve-makineleri">Kahve Makineleri</a></li><li class="Footer_menuListItem__3kalp"><a aria-label="Klimalar" title="Klimalar" href="/klimalar">Klimalar</a></li><li class="Footer_menuListItem__3kalp"><a aria-label="Bulaşık Makinesi" title="Bulaşık Makinesi" href="/bulasik-makineleri">Bulaşık Makinesi</a></li></ul></div></div><div class="Footer_menuWrapper__3OLCR"><div class="Footer_menuTitleContainer__2fx8F"><span class="Footer_menuTitle__2G4MY">Özel Ürünler</span></div><div class="Footer_menuListContainer__KRGBB"><ul class="Footer_menuList__16axk"><li class="Footer_menuListItem__3kalp"><a aria-label="iPhone 15" title="iPhone 15" href="/cep-telefonlari/en-ucuz-apple-iphone-15-5g-128gb-akilli-cep-telefonu-fiyatlari,a2231112273">iPhone 15</a></li><li class="Footer_menuListItem__3kalp"><a aria-label="Playstation 5" title="Playstation 5" href="/oyun-konsollari/en-ucuz-sony-playstation-5-oyun-konsolu-fiyatlari,606889615">Playstation 5</a></li><li class="Footer_menuListItem__3kalp"><a aria-label="22 Ayar Bilezik" title="22 Ayar Bilezik" href="/22-ayar-altin-bilezik">22 Ayar Bilezik</a></li><li class="Footer_menuListItem__3kalp"><a aria-label="Stanley Termos" title="Stanley Termos" href="/termos/en-ucuz-stanley-termos-fiyatlari">Stanley Termos</a></li><li class="Footer_menuListItem__3kalp"><a aria-label="Gram Külçe Altın" title="Gram Külçe Altın" href="/gram-kulce-altin">Gram Külçe Altın</a></li><li class="Footer_menuListItem__3kalp"><a aria-label="iPhone 16" title="iPhone 16" href="/cep-telefonlari/en-ucuz-apple-iphone-16-5g-128gb-fiyatlari,a2314921069">iPhone 16</a></li><li class="Footer_menuListItem__3kalp"><a aria-label="New Balance 530" title="New Balance 530" href="/new-balance-530">New Balance 530</a></li><li class="Footer_menuListItem__3kalp"><a aria-label="Hamur Yoğurma Makinesi" title="Hamur Yoğurma Makinesi" href="/hamur-yogurma-makinesi">Hamur Yoğurma Makinesi</a></li><li class="Footer_menuListItem__3kalp"><a aria-label="Airfryer" title="Airfryer" href="/fritozler">Airfryer</a></li><li class="Footer_menuListItem__3kalp"><a aria-label="Airpods" title="Airpods" href="/airpods-en-ucuz">Airpods</a></li><li class="Footer_menuListItem__3kalp"><a aria-label="Şarjlı Matkap" title="Şarjlı Matkap" href="/sarjli-matkap">Şarjlı Matkap</a></li><li class="Footer_menuListItem__3kalp"><a aria-label="iPhone 15 Pro Max" title="iPhone 15 Pro Max" href="/cep-telefonlari/en-ucuz-apple-iphone-15-pro-max-5g-256gb-fiyatlari,a2237900438">iPhone 15 Pro Max</a></li><li class="Footer_menuListItem__3kalp"><a aria-label="5 Lt Ayçiçek Yağı" title="5 Lt Ayçiçek Yağı" href="/market/5-lt-aycicek-yagi">5 Lt Ayçiçek Yağı</a></li><li class="Footer_menuListItem__3kalp"><a aria-label="Fissler Düdüklü Tencere" title="Fissler Düdüklü Tencere" href="/duduklu-tencereler/en-ucuz-fissler-duduklu-tencereler-fiyatlari">Fissler Düdüklü Tencere</a></li></ul></div></div><div class="Footer_menuWrapper__3OLCR"><div class="Footer_menuTitleContainer__2fx8F"><span class="Footer_menuTitle__2G4MY">Broşürler</span></div><div class="Footer_menuListContainer__KRGBB"><ul class="Footer_menuList__16axk"><li class="Footer_menuListItem__3kalp"><a aria-label="Aktüel Ürünler" title="Aktüel Ürünler" href="/brosur">Aktüel Ürünler</a></li><li class="Footer_menuListItem__3kalp"><a aria-label="BİM Aktüel Ürünler" title="BİM Aktüel Ürünler" href="/brosur/bim-com-tr">BİM Aktüel Ürünler</a></li><li class="Footer_menuListItem__3kalp"><a aria-label="A101 Aktüel Ürünler" title="A101 Aktüel Ürünler" href="/brosur/a101-com-tr">A101 Aktüel Ürünler</a></li><li class="Footer_menuListItem__3kalp"><a aria-label="Macrocenter Aktüel Ürünler" title="Macrocenter Aktüel Ürünler" href="/brosur/macrocenter-com-tr">Macrocenter Aktüel Ürünler</a></li><li class="Footer_menuListItem__3kalp"><a aria-label="Şok Broşürleri" title="Şok Broşürleri" href="/brosur/sokmarket-com-tr">Şok Broşürleri</a></li><li class="Footer_menuListItem__3kalp"><a aria-label="Çağrı Broşürleri" title="Çağrı Broşürleri" href="/brosur/cagri">Çağrı Broşürleri</a></li><li class="Footer_menuListItem__3kalp"><a aria-label="Carrefour Broşürleri" title="Carrefour Broşürleri" href="/brosur/carrefoursa">Carrefour Broşürleri</a></li><li class="Footer_menuListItem__3kalp"><a aria-label="Hakmar Broşürleri" title="Hakmar Broşürleri" href="/brosur/hakmar-com-tr">Hakmar Broşürleri</a></li><li class="Footer_menuListItem__3kalp"><a aria-label="Kozmetik Broşürleri" title="Kozmetik Broşürleri" href="/brosur/kozmetik">Kozmetik Broşürleri</a></li><li class="Footer_menuListItem__3kalp"><a aria-label="Elektronik Broşürleri " title="Elektronik Broşürleri " href="/brosur/elektronik">Elektronik Broşürleri </a></li><li class="Footer_menuListItem__3kalp"><a aria-label="Süpermarket Broşürler" title="Süpermarket Broşürler" href="/brosur/supermarket">Süpermarket Broşürler</a></li><li class="Footer_menuListItem__3kalp"><a aria-label="Gratis Aktüel Katalog" title="Gratis Aktüel Katalog" href="/brosur/gratis">Gratis Aktüel Katalog</a></li><li class="Footer_menuListItem__3kalp"><a aria-label="Özdilekteyim Aktüel Katalog" title="Özdilekteyim Aktüel Katalog" href="/brosur/ozdilekteyim">Özdilekteyim Aktüel Katalog</a></li><li class="Footer_menuListItem__3kalp"><a aria-label="File Market Aktüel Katalog" title="File Market Aktüel Katalog" href="/brosur/file-com-tr">File Market Aktüel Katalog</a></li></ul></div></div><div class="Footer_menuWrapper__3OLCR"><div class="Footer_menuTitleContainer__2fx8F"><span class="Footer_menuTitle__2G4MY">Mağazalar</span></div><div class="Footer_menuListContainer__KRGBB"><ul class="Footer_menuList__16axk"><li class="Footer_menuListItem__3kalp"><a aria-label="Hepsiburada" title="Hepsiburada" href="/hepsiburada">Hepsiburada</a></li><li class="Footer_menuListItem__3kalp"><a aria-label="Amazon" title="Amazon" href="/amazon-com-tr">Amazon</a></li><li class="Footer_menuListItem__3kalp"><a aria-label="Çiçeksepeti" title="Çiçeksepeti" href="/ciceksepeti">Çiçeksepeti</a></li><li class="Footer_menuListItem__3kalp"><a aria-label="Pazarama" title="Pazarama" href="/pazarama">Pazarama</a></li><li class="Footer_menuListItem__3kalp"><a aria-label="Carrefoursa" title="Carrefoursa" href="/carrefoursa">Carrefoursa</a></li><li class="Footer_menuListItem__3kalp"><a aria-label="Boyner" title="Boyner" href="/boyner-com-tr">Boyner</a></li><li class="Footer_menuListItem__3kalp"><a aria-label="PttAVM" title="PttAVM" href="/pttavm">PttAVM</a></li><li class="Footer_menuListItem__3kalp"><a aria-label="Hepsiburada Premium" title="Hepsiburada Premium" href="/hepsiburada-premium">Hepsiburada Premium</a></li><li class="Footer_menuListItem__3kalp"><a aria-label="IKEA" title="IKEA" href="/ikea-com-tr">IKEA</a></li><li class="Footer_menuListItem__3kalp"><a aria-label="LCW" title="LCW" href="/lcw">LCW</a></li><li class="Footer_menuListItem__3kalp"><a aria-label="E-Bebek" title="E-Bebek" href="/e-bebek">E-Bebek</a></li><li class="Footer_menuListItem__3kalp"><a aria-label="Homend" title="Homend" href="/homend-com-tr">Homend</a></li><li class="Footer_menuListItem__3kalp"><a aria-label="Tchibo" title="Tchibo" href="/tchibo-com-tr">Tchibo</a></li><li class="Footer_menuListItem__3kalp"><a aria-label="Beko" title="Beko" href="/beko-com-tr">Beko</a></li></ul></div></div><div class="Footer_menuWrapper__3OLCR"><div class="Footer_menuTitleContainer__2fx8F"><span class="Footer_menuTitle__2G4MY">Kurumsal</span></div><div class="Footer_menuListContainer__KRGBB"><ul class="Footer_menuList__16axk"><li class="Footer_menuListItem__3kalp"><a aria-label="Hakkımızda" title="Hakkımızda" href="/cimri-hakkinda">Hakkımızda</a></li><li class="Footer_menuListItem__3kalp"><a aria-label="Sıkça Sorulan Sorular" title="Sıkça Sorulan Sorular" href="/sikca-sorulan-sorular">Sıkça Sorulan Sorular</a></li><li class="Footer_menuListItem__3kalp"><a aria-label="Gizlilik Politikası" title="Gizlilik Politikası" href="/gizlilik-politikasi">Gizlilik Politikası</a></li><li class="Footer_menuListItem__3kalp"><a aria-label="Kullanım Koşulları" title="Kullanım Koşulları" href="/kullanim-kosullari">Kullanım Koşulları</a></li><li class="Footer_menuListItem__3kalp"><a aria-label="Kişisel Verilerin Korunması" title="Kişisel Verilerin Korunması" href="/kisisel-verilerin-korunmasi-hakkinda-bilgilendirme">Kişisel Verilerin Korunması</a></li><li class="Footer_menuListItem__3kalp"><a aria-label="Reklam Verin" title="Reklam Verin" href="/bize-ulasin">Reklam Verin</a></li><li class="Footer_menuListItem__3kalp"><a aria-label="Bize Ulaşın" title="Bize Ulaşın" href="/bize-ulasin">Bize Ulaşın</a></li><li class="Footer_menuListItem__3kalp"><a aria-label="Kullanıcı Sözleşmesi" title="Kullanıcı Sözleşmesi" href="/kullanici-sozlesmesi">Kullanıcı Sözleşmesi</a></li><li class="Footer_menuListItem__3kalp"><a aria-label="Mağazanızı Cimri&#x27;ye Taşıyın" title="Mağazanızı Cimri&#x27;ye Taşıyın" href="/magaza-kayit">Mağazanızı Cimri&#x27;ye Taşıyın</a></li><li class="Footer_menuListItem__3kalp"><a aria-label="Mağaza Girişi →" title="Mağaza Girişi →" href="https://panel.cimri.com/" target="_blank" rel="noopener nofollow">Mağaza Girişi →</a></li></ul></div></div><div class="Footer_menuWrapper__3OLCR"><div class="Footer_menuTitleContainer__2fx8F"><span class="Footer_menuTitle__2G4MY">Popüler Beyaz Eşya</span></div><div class="Footer_menuListContainer__KRGBB"><ul class="Footer_menuList__16axk"><li class="Footer_menuListItem__3kalp"><a aria-label="Bosch Çamaşır Makineleri" title="Bosch Çamaşır Makineleri" href="/camasir-makineleri/en-ucuz-bosch-camasir-makineleri-fiyatlari">Bosch Çamaşır Makineleri</a></li><li class="Footer_menuListItem__3kalp"><a aria-label="LG Buzdolapları" title="LG Buzdolapları" href="/buzdolaplari/en-ucuz-lg-buzdolaplari-fiyatlari">LG Buzdolapları</a></li><li class="Footer_menuListItem__3kalp"><a aria-label="Bosch Çamaşır Kurutma Makineleri" title="Bosch Çamaşır Kurutma Makineleri" href="/camasir-kurutma-makineleri/en-ucuz-bosch-camasir-kurutma-makineleri-fiyatlari">Bosch Çamaşır Kurutma Makineleri</a></li><li class="Footer_menuListItem__3kalp"><a aria-label="Profilo Buzdolapları" title="Profilo Buzdolapları" href="/buzdolaplari/en-ucuz-profilo-buzdolaplari-fiyatlari">Profilo Buzdolapları</a></li><li class="Footer_menuListItem__3kalp"><a aria-label="Arçelik Çamaşır Kurutma Makineleri" title="Arçelik Çamaşır Kurutma Makineleri" href="/camasir-kurutma-makineleri/en-ucuz-arcelik-camasir-kurutma-makineleri-fiyatlari">Arçelik Çamaşır Kurutma Makineleri</a></li><li class="Footer_menuListItem__3kalp"><a aria-label="Arçelik Çamaşır Makineleri" title="Arçelik Çamaşır Makineleri" href="/camasir-makineleri/en-ucuz-arcelik-camasir-makineleri-fiyatlari">Arçelik Çamaşır Makineleri</a></li><li class="Footer_menuListItem__3kalp"><a aria-label="Altus Bulaşık Makineleri" title="Altus Bulaşık Makineleri" href="/bulasik-makineleri/en-ucuz-altus-bulasik-makineleri-fiyatlari">Altus Bulaşık Makineleri</a></li><li class="Footer_menuListItem__3kalp"><a aria-label="Altus Çamaşır Kurutma Makineleri" title="Altus Çamaşır Kurutma Makineleri" href="/camasir-kurutma-makineleri/en-ucuz-altus-camasir-kurutma-makineleri-fiyatlari">Altus Çamaşır Kurutma Makineleri</a></li><li class="Footer_menuListItem__3kalp"><a aria-label="Bosch Ankastre Setler" title="Bosch Ankastre Setler" href="/ankastre-setler/en-ucuz-bosch-ankastre-setler-fiyatlari">Bosch Ankastre Setler</a></li><li class="Footer_menuListItem__3kalp"><a aria-label="Samsung Çamaşır Makinesi" title="Samsung Çamaşır Makinesi" href="/camasir-makineleri/en-ucuz-samsung-camasir-makineleri-fiyatlari">Samsung Çamaşır Makinesi</a></li></ul></div></div><div class="Footer_menuWrapper__3OLCR"><div class="Footer_menuTitleContainer__2fx8F"><span class="Footer_menuTitle__2G4MY">Popüler Elektrikli Mutfak Aletleri</span></div><div class="Footer_menuListContainer__KRGBB"><ul class="Footer_menuList__16axk"><li class="Footer_menuListItem__3kalp"><a aria-label="Arzum Çay Makinesi" title="Arzum Çay Makinesi" href="/cay-makineleri/en-ucuz-arzum-cay-makineleri-fiyatlari">Arzum Çay Makinesi</a></li><li class="Footer_menuListItem__3kalp"><a aria-label="Fakir Blender" title="Fakir Blender" href="/blenderler/en-ucuz-fakir-blenderler-fiyatlari">Fakir Blender</a></li><li class="Footer_menuListItem__3kalp"><a aria-label="Karaca Elektrikli Mutfak Aletleri Çeyiz Seti" title="Karaca Elektrikli Mutfak Aletleri Çeyiz Seti" href="/elektrikli-mutfak-aletleri-ceyiz-setleri/en-ucuz-karaca-elektrikli-mutfak-aletleri-ceyiz-setleri-fiyatlari">Karaca Elektrikli Mutfak Aletleri Çeyiz Seti</a></li><li class="Footer_menuListItem__3kalp"><a aria-label="Bosch Mutfak Şefi" title="Bosch Mutfak Şefi" href="/mutfak-sefi/en-ucuz-bosch-mutfak-sefi-fiyatlari">Bosch Mutfak Şefi</a></li><li class="Footer_menuListItem__3kalp"><a aria-label="Arzum Türk Kahvesi Makinesi" title="Arzum Türk Kahvesi Makinesi" href="/kahve-makineleri/arzum-turk-kahvesi-makinesi">Arzum Türk Kahvesi Makinesi</a></li><li class="Footer_menuListItem__3kalp"><a aria-label="Philips Kahve Makineleri" title="Philips Kahve Makineleri" href="/kahve-makineleri/en-ucuz-philips-kahve-makineleri-fiyatlari">Philips Kahve Makineleri</a></li><li class="Footer_menuListItem__3kalp"><a aria-label="Smeg Kettle" title="Smeg Kettle" href="/su-isiticilari-kettle/en-ucuz-smeg-su-isiticilari-kettle-fiyatlari">Smeg Kettle</a></li><li class="Footer_menuListItem__3kalp"><a aria-label="Philips Fritöz" title="Philips Fritöz" href="/fritozler/en-ucuz-philips-fritozler-fiyatlari">Philips Fritöz</a></li><li class="Footer_menuListItem__3kalp"><a aria-label="Xiaomi Fritözler" title="Xiaomi Fritözler" href="/fritozler/en-ucuz-xiaomi-fritozler-fiyatlari">Xiaomi Fritözler</a></li><li class="Footer_menuListItem__3kalp"><a aria-label="Homend Tost Makinesi" title="Homend Tost Makinesi" href="/tost-makineleri/en-ucuz-homend-tost-makineleri-fiyatlari">Homend Tost Makinesi</a></li></ul></div></div><div class="Footer_menuWrapper__3OLCR"><div class="Footer_menuTitleContainer__2fx8F"><span class="Footer_menuTitle__2G4MY">Popüler Küçük Ev Aletleri</span></div><div class="Footer_menuListContainer__KRGBB"><ul class="Footer_menuList__16axk"><li class="Footer_menuListItem__3kalp"><a aria-label="Philips Elektirikli Süpürge" title="Philips Elektirikli Süpürge" href="/elektrikli-supurgeler/en-ucuz-philips-elektrikli-supurgeler-fiyatlari">Philips Elektirikli Süpürge</a></li><li class="Footer_menuListItem__3kalp"><a aria-label="Dyson Şarjlı Süpürge" title="Dyson Şarjlı Süpürge" href="/sarjli-supurgeler/en-ucuz-dyson-sarjli-supurgeler-fiyatlari">Dyson Şarjlı Süpürge</a></li><li class="Footer_menuListItem__3kalp"><a aria-label="Tefal Ütü" title="Tefal Ütü" href="/utuler/en-ucuz-tefal-utuler-fiyatlari">Tefal Ütü</a></li><li class="Footer_menuListItem__3kalp"><a aria-label="Fakir Halı Yıkama Makinesi" title="Fakir Halı Yıkama Makinesi" href="/hali-yikama-makineleri/en-ucuz-fakir-hali-yikama-makineleri-fiyatlari">Fakir Halı Yıkama Makinesi</a></li><li class="Footer_menuListItem__3kalp"><a aria-label="Philips Şarjlı Süpürge" title="Philips Şarjlı Süpürge" href="/sarjli-supurgeler/en-ucuz-philips-sarjli-supurgeler-fiyatlari">Philips Şarjlı Süpürge</a></li><li class="Footer_menuListItem__3kalp"><a aria-label="Philips Buhar Kazanlı Ütü" title="Philips Buhar Kazanlı Ütü" href="/philips-buhar-kazanli-utu-en-ucuz">Philips Buhar Kazanlı Ütü</a></li><li class="Footer_menuListItem__3kalp"><a aria-label="Xiaomi Şarjlı Süpürge" title="Xiaomi Şarjlı Süpürge" href="/sarjli-supurgeler/en-ucuz-xiaomi-sarjli-supurgeler-fiyatlari">Xiaomi Şarjlı Süpürge</a></li><li class="Footer_menuListItem__3kalp"><a aria-label="Roborock Robot Süpürge" title="Roborock Robot Süpürge" href="/robot-supurgeler/en-ucuz-roborock-robot-supurgeler-fiyatlari">Roborock Robot Süpürge</a></li><li class="Footer_menuListItem__3kalp"><a aria-label="Fantom Elektrikli Süpürge" title="Fantom Elektrikli Süpürge" href="/elektrikli-supurgeler/en-ucuz-fantom-elektrikli-supurgeler-fiyatlari">Fantom Elektrikli Süpürge</a></li><li class="Footer_menuListItem__3kalp"><a aria-label="Bosch Şarjlı Süpürge" title="Bosch Şarjlı Süpürge" href="/sarjli-supurgeler/en-ucuz-bosch-sarjli-supurgeler-fiyatlari">Bosch Şarjlı Süpürge</a></li></ul></div></div><div class="Footer_menuWrapper__3OLCR"><div class="Footer_menuTitleContainer__2fx8F"><span class="Footer_menuTitle__2G4MY">Popüler Cep Telefonları</span></div><div class="Footer_menuListContainer__KRGBB"><ul class="Footer_menuList__16axk"><li class="Footer_menuListItem__3kalp"><a aria-label="Apple Cep Telefonları" title="Apple Cep Telefonları" href="/cep-telefonlari/en-ucuz-apple-cep-telefonlari-fiyatlari">Apple Cep Telefonları</a></li><li class="Footer_menuListItem__3kalp"><a aria-label="Samsung Cep Telefonları" title="Samsung Cep Telefonları" href="/cep-telefonlari/en-ucuz-samsung-cep-telefonlari-fiyatlari">Samsung Cep Telefonları</a></li><li class="Footer_menuListItem__3kalp"><a aria-label="Huawei Cep Telefonları" title="Huawei Cep Telefonları" href="/cep-telefonlari/en-ucuz-huawei-cep-telefonlari-fiyatlari">Huawei Cep Telefonları</a></li><li class="Footer_menuListItem__3kalp"><a aria-label="Xiaomi Cep Telefonları" title="Xiaomi Cep Telefonları" href="/cep-telefonlari/en-ucuz-xiaomi-cep-telefonlari-fiyatlari">Xiaomi Cep Telefonları</a></li><li class="Footer_menuListItem__3kalp"><a aria-label="Realme Cep Telefonları" title="Realme Cep Telefonları" href="/cep-telefonlari/en-ucuz-realme-cep-telefonlari-fiyatlari">Realme Cep Telefonları</a></li><li class="Footer_menuListItem__3kalp"><a aria-label="Reeder Cep Telefonları" title="Reeder Cep Telefonları" href="/cep-telefonlari/en-ucuz-reeder-cep-telefonlari-fiyatlari">Reeder Cep Telefonları</a></li><li class="Footer_menuListItem__3kalp"><a aria-label="OPPO Cep Telefonları" title="OPPO Cep Telefonları" href="/cep-telefonlari/en-ucuz-oppo-cep-telefonlari-fiyatlari">OPPO Cep Telefonları</a></li><li class="Footer_menuListItem__3kalp"><a aria-label="Nokia Cep Telefonları" title="Nokia Cep Telefonları" href="/cep-telefonlari/en-ucuz-nokia-cep-telefonlari-fiyatlari">Nokia Cep Telefonları</a></li><li class="Footer_menuListItem__3kalp"><a aria-label="Honor Cep Telefonları" title="Honor Cep Telefonları" href="/cep-telefonlari/en-ucuz-honor-cep-telefonlari-fiyatlari">Honor Cep Telefonları</a></li><li class="Footer_menuListItem__3kalp"><a aria-label="Casper Cep Telefonları" title="Casper Cep Telefonları" href="/cep-telefonlari/en-ucuz-casper-cep-telefonlari-fiyatlari">Casper Cep Telefonları</a></li></ul></div></div><div class="Footer_menuWrapper__3OLCR"><div class="Footer_menuTitleContainer__2fx8F"><span class="Footer_menuTitle__2G4MY">Popüler Elektronik Ürünler</span></div><div class="Footer_menuListContainer__KRGBB"><ul class="Footer_menuList__16axk"><li class="Footer_menuListItem__3kalp"><a aria-label="Apple Tablet Pc" title="Apple Tablet Pc" href="/tablet-pc/en-ucuz-apple-tablet-pc-fiyatlari">Apple Tablet Pc</a></li><li class="Footer_menuListItem__3kalp"><a aria-label="LG Televizyonlar" title="LG Televizyonlar" href="/televizyonlar/en-ucuz-lg-televizyonlar-fiyatlari">LG Televizyonlar</a></li><li class="Footer_menuListItem__3kalp"><a aria-label="TCL Televizyonlar" title="TCL Televizyonlar" href="/televizyonlar/en-ucuz-tcl-televizyonlar-fiyatlari">TCL Televizyonlar</a></li><li class="Footer_menuListItem__3kalp"><a aria-label="Onvo Televizyonlar" title="Onvo Televizyonlar" href="/televizyonlar/en-ucuz-onvo-televizyonlar-fiyatlari">Onvo Televizyonlar</a></li><li class="Footer_menuListItem__3kalp"><a aria-label="Apple Bluetooth Kulaklık" title="Apple Bluetooth Kulaklık" href="/bluetooth-kulaklik/en-ucuz-apple-bluetooth-kulaklik-fiyatlari">Apple Bluetooth Kulaklık</a></li><li class="Footer_menuListItem__3kalp"><a aria-label="Yenilenmiş Apple Cep Telefonları" title="Yenilenmiş Apple Cep Telefonları" href="/yenilenmis-cep-telefonlari/en-ucuz-apple-yenilenmis-cep-telefonlari-fiyatlari">Yenilenmiş Apple Cep Telefonları</a></li><li class="Footer_menuListItem__3kalp"><a aria-label="Apple Akıllı Saat" title="Apple Akıllı Saat" href="/akilli-saat/en-ucuz-apple-akilli-saat-fiyatlari">Apple Akıllı Saat</a></li><li class="Footer_menuListItem__3kalp"><a aria-label="JBL Kulaklık" title="JBL Kulaklık" href="/bluetooth-kulaklik/en-ucuz-jbl-bluetooth-kulaklik-fiyatlari">JBL Kulaklık</a></li><li class="Footer_menuListItem__3kalp"><a aria-label="Bluetooth Kulaklık" title="Bluetooth Kulaklık" href="/bluetooth-kulaklik">Bluetooth Kulaklık</a></li><li class="Footer_menuListItem__3kalp"><a aria-label="Dyson Airwrap" title="Dyson Airwrap" href="/airwrap">Dyson Airwrap</a></li></ul></div></div></div><div class="Row_row__1v6Iy"><div class="Col_col__2vJhp Col_col-lg-3__7tZhB"><div class="LgOnly_lgOnly__7LF_3"><a href="/" title="cimri"><img width="140" height="40" alt="cimri-footer-logo" src="https://cdn.cimri.io/web-images/desktop_cimri_white.png" loading="lazy" class="Footer_logo__a1ETX"/></a></div></div><div class="Col_col__2vJhp Col_col-xs-12__3upsZ Col_col-lg-5__2RTre"><div class="LgOnly_lgOnly__7LF_3"><div class="Footer_socialLinksWrapper__3xN9N"><div class="Footer_socialLinksContainer__2e5d6"><span class="Footer_socialTitle__3JJFy">Bizi Takip Edin!</span><ul class="Footer_socialLinksList__1cIUh"><li class="Footer_socialLinksListItem__1yDG2"><a class="Footer_socialLink__1UCRD" aria-label="Facebook Sayfamız" title="Facebook" href="https://www.facebook.com/cimri" rel="nofollow noopener noreferrer" target="_blank"></a></li><li class="Footer_socialLinksListItem__1yDG2"><a class="Footer_socialLink__1UCRD" aria-label="Twitter Sayfamız" title="Twitter" href="https://twitter.com/cimri" rel="nofollow noopener noreferrer" target="_blank"></a></li><li class="Footer_socialLinksListItem__1yDG2"><a class="Footer_socialLink__1UCRD" aria-label="LinkedIn Sayfamız" title="LinkedIn" href="https://tr.linkedin.com/company/cimri" rel="nofollow noopener noreferrer" target="_blank"></a></li><li class="Footer_socialLinksListItem__1yDG2"><a class="Footer_socialLink__1UCRD" aria-label="Instagram Sayfamız" title="Instagram" href="https://www.instagram.com/cimricom/" rel="nofollow noopener noreferrer" target="_blank"></a></li><li class="Footer_socialLinksListItem__1yDG2"><a class="Footer_socialLink__1UCRD" aria-label="YouTube Sayfamız" title="YouTube" href="https://www.youtube.com/channel/UCWC3dSml6AYk40tuKQqg7BA" rel="nofollow noopener noreferrer" target="_blank"></a></li></ul></div><p class="Footer_copyRightText__2b_dL">Copyright © 2007 – 2025 Cimri A.Ş. Cimri markası ve logosu, Cimri A.Ş.'nin tescilli markasıdır. <br /> Tüm hakları saklıdır. Bu siteyi ziyaret edenler <a href='https://www.cimri.com/kullanici-sozlesmesi'>Kullanıcı Sözleşmesini</a> okumuş ve kabul etmiş sayılırlar.</p></div></div></div><div class="Col_col__2vJhp Col_col-xs-12__3upsZ Col_col-lg-4__3-241"><div class="Footer_storeLinks__2rs6-"><a class="Footer_storeLink__2Jcwd" href="https://itunes.apple.com/us/app/cimri/id1413085320?mt=8" target="_blank" rel="nofollow noopener noreferrer" aria-label="Download on App Store"></a><a class="Footer_storeLink__2Jcwd" href="https://play.google.com/store/apps/details?id=com.cimrimobilevoyager" target="_blank" rel="nofollow noopener noreferrer" aria-label="Download on Google Play"></a><a class="Footer_storeLink__2Jcwd" href="https://appgallery.cloud.huawei.com/ag/n/app/C100962041?locale=tr_TR&amp;source=appshare&amp;subsource=C100962041" target="_blank" rel="nofollow noopener noreferrer" aria-label="Download on AppGallery"></a></div></div><div class="Col_col__2vJhp Col_col-xs-12__3upsZ Col_col-lg-6__1vWCT"><div class="MbOnly_mbOnly__2DyOz"><div class="Footer_socialLinksWrapper__3xN9N"><div class="Footer_socialLinksContainer__2e5d6"><span class="Footer_socialTitle__3JJFy">Bizi Takip Edin!</span><ul class="Footer_socialLinksList__1cIUh"><li class="Footer_socialLinksListItem__1yDG2"><a class="Footer_socialLink__1UCRD" aria-label="Facebook Sayfamız" title="Facebook" href="https://www.facebook.com/cimri" rel="nofollow noopener noreferrer" target="_blank"></a></li><li class="Footer_socialLinksListItem__1yDG2"><a class="Footer_socialLink__1UCRD" aria-label="Twitter Sayfamız" title="Twitter" href="https://twitter.com/cimri" rel="nofollow noopener noreferrer" target="_blank"></a></li><li class="Footer_socialLinksListItem__1yDG2"><a class="Footer_socialLink__1UCRD" aria-label="LinkedIn Sayfamız" title="LinkedIn" href="https://tr.linkedin.com/company/cimri" rel="nofollow noopener noreferrer" target="_blank"></a></li><li class="Footer_socialLinksListItem__1yDG2"><a class="Footer_socialLink__1UCRD" aria-label="Instagram Sayfamız" title="Instagram" href="https://www.instagram.com/cimricom/" rel="nofollow noopener noreferrer" target="_blank"></a></li><li class="Footer_socialLinksListItem__1yDG2"><a class="Footer_socialLink__1UCRD" aria-label="YouTube Sayfamız" title="YouTube" href="https://www.youtube.com/channel/UCWC3dSml6AYk40tuKQqg7BA" rel="nofollow noopener noreferrer" target="_blank"></a></li></ul></div><p class="Footer_copyRightText__2b_dL">Copyright © 2007 – 2025 Cimri A.Ş. Cimri markası ve logosu, <br /> Cimri A.Ş.'nin tescilli markasıdır. Tüm hakları saklıdır. <br /> Bu siteyi ziyaret edenler <a href='https://www.cimri.com/kullanici-sozlesmesi'>Kullanıcı Sözleşmesini</a> <br /> okumuş ve kabul etmiş sayılırlar.</p></div></div></div></div></div></div><div class="Footer_subFooter__1o8vA"><div><div class="MbOnly_mbOnly__2DyOz"><div class="Footer_mobileIlabContainer__ixaq2">Cimri bir<a href="https://www.ilab.com.tr/" target="_blank" rel="nofollow noopener noreferrer" class="Footer_ilabHref__XdbRZ" aria-label="ilab logo"><img src="https://cdn.cimri.io/web-images/ilab_beyaz.png" width="60" height="43" class="Footer_ilabLogo__1TDjp" alt="iLab" loading="lazy"/></a>grup şirketidir.</div></div><div class="LgOnly_lgOnly__7LF_3"><div class="Footer_ilabContainer__2hBus"><div class="Footer_ilabLogoCol__3o_Pf">Cimri bir<a href="https://www.ilab.com.tr/" target="_blank" rel="nofollow noopener noreferrer" class="Footer_ilabHref__XdbRZ" aria-label="ilab logo"><img src="https://cdn.cimri.io/web-images/ilab_beyaz.png" width="60" height="43" class="Footer_ilabLogo__1TDjp" alt="iLab" loading="lazy"/></a>grup şirketidir.</div><div class="Footer_menuCol__3fdgz"><div class="Footer_menuNetworkContainer__3O668"><ul class="Footer_menuNetworkList__zOas6"><li class="Footer_menuNetworkListItem__27OBl"><a href="https://www.kariyer.net" rel="nofollow noopener noreferrer">Kariyer.net</a></li><li class="Footer_menuNetworkListItem__27OBl"><a href="https://www.sigortam.net" rel="nofollow noopener noreferrer">Sigortam.net</a></li><li class="Footer_menuNetworkListItem__27OBl"><a href="https://www.arabam.com" rel="nofollow noopener noreferrer">Arabam.com</a></li><li class="Footer_menuNetworkListItem__27OBl"><a href="https://www.emlakjet.com" rel="nofollow noopener noreferrer">Emlakjet</a></li><li class="Footer_menuNetworkListItem__27OBl"><a href="https://www.endeksa.com/tr/" rel="nofollow noopener noreferrer">Endeksa</a></li><li class="Footer_menuNetworkListItem__27OBl"><a href="https://www.hangikredi.com" rel="nofollow noopener noreferrer">HangiKredi</a></li><li class="Footer_menuNetworkListItem__27OBl"><a href="https://www.neredekal.com" rel="nofollow noopener noreferrer">Neredekal.com</a></li><li class="Footer_menuNetworkListItem__27OBl"><a href="https://www.chemorbis.com/en/" rel="nofollow noopener noreferrer">Chemorbis.com</a></li><li class="Footer_menuNetworkListItem__27OBl"><a href="https://tr.steelorbis.com" rel="nofollow noopener noreferrer">Steelorbis.com.tr</a></li></ul></div></div></div></div></div></div></div></div><script id="__NEXT_DATA__" type="application/json">{"props":{"pageProps":{"data":{"cimriSearchQuery":{"numFound":139742},"popularSearch":{"popularSearch":[{"name":"Ayçiçek Yağı","url":"https://www.cimri.com/market/sivi-yag-ve-zeytinyagi"},{"name":"Tuvalet Kağıdı","url":"https://www.cimri.com/market/tuvalet-kagidi"},{"name":"Şeker","url":"https://www.cimri.com/market/toz-ve-kup-seker"},{"name":"Un","url":"https://www.cimri.com/market/un-ve-irmik"},{"name":"Çay","url":"https://www.cimri.com/market/cay"},{"name":"Kahve","url":"https://www.cimri.com/market/kahve"},{"name":"Bulaşık Deterjanı","url":"https://www.cimri.com/market/bulasik-deterjani"},{"name":"Çamaşır Deterjanı","url":"https://www.cimri.com/market/camasir-deterjani"}]},"productServiceSearchWithSeoQuery":{"query":{"page":1,"limit":32,"filterLimit":250,"maybeKeyword":"şeker","maybeAddressIds":null,"maybeCategoryId":null,"maybeBrandIds":null,"maybeMerchantIds":null,"maybeSpecs":null,"maybeSort":null,"maybeOnlyOffline":null},"numFound":2398,"offlineNumFound":482,"onlineNumFound":2102,"products":[{"id":1431121,"title":"Kristal 50 kg Toz Şeker","path":"/market/toz-ve-kup-seker/en-ucuz-kristal-50-kg-toz-seker-fiyatlari,1431121","imageIds":[1897179],"brandSummary":{"id":15,"name":"Kristal","slug":"kristal"},"categorySummary":{"id":48,"name":"Toz ve Küp Şeker","nodes":[1,6,8,48]},"offerSummary":{"maxPrice":2263.01,"minPrice":950,"offerCount":2,"uniqueMerchantCount":2},"topOffers":[{"id":27258772,"productId":1431121,"merchantId":15059,"price":950,"jumpDepotId":null,"unitPrice":{"displayUnitId":6,"displayUnitName":"kg","displayUnitPrice":19,"unitPrice":0.019}}],"discountRatio":null},{"id":51432,"title":"Bal Küpü 5 kg Toz Şeker","path":"/market/toz-ve-kup-seker/en-ucuz-bal-kupu-5-kg-toz-seker-fiyatlari,51432","imageIds":[280825],"brandSummary":{"id":58427,"name":"Bal Küpü","slug":"bal-kupu"},"categorySummary":{"id":48,"name":"Toz ve Küp Şeker","nodes":[1,6,8,48]},"offerSummary":{"maxPrice":683.34,"minPrice":145.9,"offerCount":13,"uniqueMerchantCount":7},"topOffers":[{"id":27268419,"productId":51432,"merchantId":15060,"price":145.9,"jumpDepotId":null,"unitPrice":{"displayUnitId":6,"displayUnitName":"kg","displayUnitPrice":29.18,"unitPrice":0.02918}}],"discountRatio":null},{"id":51759,"title":"Türk Şeker 50 kg Toz Şeker","path":"/market/toz-ve-kup-seker/en-ucuz-turk-seker-50-kg-toz-seker-fiyatlari,51759","imageIds":[281096],"brandSummary":{"id":51761,"name":"Türk Şeker","slug":"turk-seker"},"categorySummary":{"id":48,"name":"Toz ve Küp Şeker","nodes":[1,6,8,48]},"offerSummary":{"maxPrice":2850,"minPrice":2263.02,"offerCount":2,"uniqueMerchantCount":1},"topOffers":[{"id":18614003,"productId":51759,"merchantId":11512,"price":2263.02,"jumpDepotId":0,"unitPrice":{"displayUnitId":6,"displayUnitName":"kg","displayUnitPrice":45.2604,"unitPrice":0.0452604}}],"discountRatio":null},{"id":1080153,"title":"Irmak 5 kg Küp Şeker Tek Sargılı Dökme","path":"/market/toz-ve-kup-seker/en-ucuz-irmak-5-kg-kup-seker-tek-sargili-dokme-fiyatlari,1080153","imageIds":[1301795],"brandSummary":{"id":51415,"name":"Irmak","slug":"irmak"},"categorySummary":{"id":48,"name":"Toz ve Küp Şeker","nodes":[1,6,8,48]},"offerSummary":{"maxPrice":408.69,"minPrice":269.9,"offerCount":7,"uniqueMerchantCount":5},"topOffers":[{"id":30065403,"productId":1080153,"merchantId":15056,"price":269.9,"jumpDepotId":null,"unitPrice":{"displayUnitId":6,"displayUnitName":"kg","displayUnitPrice":53.98,"unitPrice":0.05397999999999999}}],"discountRatio":null},{"id":1163581,"title":"Nar 5 kg Toz Şeker","path":"/market/toz-ve-kup-seker/en-ucuz-nar-5-kg-toz-seker-fiyatlari,1163581","imageIds":[1433370],"brandSummary":{"id":39399,"name":"Nar","slug":"nar"},"categorySummary":{"id":48,"name":"Toz ve Küp Şeker","nodes":[1,6,8,48]},"offerSummary":{"maxPrice":199.95,"minPrice":179.95,"offerCount":4,"uniqueMerchantCount":4},"topOffers":[{"id":37538467,"productId":1163581,"merchantId":16151,"price":179.95,"jumpDepotId":0,"unitPrice":{"displayUnitId":6,"displayUnitName":"kg","displayUnitPrice":35.99,"unitPrice":0.03599}}],"discountRatio":null},{"id":136774,"title":"Kayseri Şeker Kristal 50 kg Toz Şeker","path":"/market/toz-ve-kup-seker/en-ucuz-kayseri-seker-kristal-50-kg-toz-seker-fiyatlari,136774","imageIds":[323085],"brandSummary":{"id":51706,"name":"Kayseri Şeker","slug":"kayseri-seker"},"categorySummary":{"id":48,"name":"Toz ve Küp Şeker","nodes":[1,6,8,48]},"offerSummary":{"maxPrice":2496.87,"minPrice":2169.44,"offerCount":2,"uniqueMerchantCount":1},"topOffers":[{"id":37639509,"productId":136774,"merchantId":11512,"price":2169.44,"jumpDepotId":0,"unitPrice":{"displayUnitId":6,"displayUnitName":"kg","displayUnitPrice":43.3888,"unitPrice":0.0433888}}],"discountRatio":null},{"id":51473,"title":"Avansas 5 Kg Tek Sargılı Küp Şeker","path":"/market/toz-ve-kup-seker/en-ucuz-avansas-5-kg-tek-sargili-kup-seker-fiyatlari,51473","imageIds":[280866],"brandSummary":{"id":51459,"name":"Avansas","slug":"avansas"},"categorySummary":{"id":48,"name":"Toz ve Küp Şeker","nodes":[1,6,8,48]},"offerSummary":{"maxPrice":254.74,"minPrice":254.74,"offerCount":1,"uniqueMerchantCount":1},"topOffers":[{"id":1280882,"productId":51473,"merchantId":2364,"price":254.74,"jumpDepotId":0,"unitPrice":{"displayUnitId":6,"displayUnitName":"kg","displayUnitPrice":50.948,"unitPrice":0.050948}}],"discountRatio":1.925001925001925},{"id":51545,"title":"Pekşeker 5 kg Tek Sargılı Kesme Şeker","path":"/market/toz-ve-kup-seker/en-ucuz-pekseker-5-kg-tek-sargili-kesme-seker-fiyatlari,51545","imageIds":[280935],"brandSummary":{"id":51424,"name":"Pekşeker","slug":"pekseker"},"categorySummary":{"id":48,"name":"Toz ve Küp Şeker","nodes":[1,6,8,48]},"offerSummary":{"maxPrice":431.91,"minPrice":286.28,"offerCount":6,"uniqueMerchantCount":5},"topOffers":[{"id":17813639,"productId":51545,"merchantId":10811,"price":286.28,"jumpDepotId":0,"unitPrice":{"displayUnitId":6,"displayUnitName":"kg","displayUnitPrice":57.256,"unitPrice":0.057255999999999994}}],"discountRatio":null},{"id":1115188,"title":"Mgs 1 kg 405 Adet Küp Şeker","path":"/market/toz-ve-kup-seker/en-ucuz-mgs-1-kg-405-adet-kup-seker-fiyatlari,1115188","imageIds":[190551],"brandSummary":{"id":51452,"name":"MGS","slug":"mgs"},"categorySummary":{"id":48,"name":"Toz ve Küp Şeker","nodes":[1,6,8,48]},"offerSummary":{"maxPrice":59.99,"minPrice":39,"offerCount":2,"uniqueMerchantCount":2},"topOffers":[{"id":34732080,"productId":1115188,"merchantId":11512,"price":39,"jumpDepotId":0,"unitPrice":{"displayUnitId":6,"displayUnitName":"kg","displayUnitPrice":39,"unitPrice":0.039}}],"discountRatio":null},{"id":51424,"title":"Irmak Stick 4 kg Şeker","path":"/market/toz-ve-kup-seker/en-ucuz-irmak-stick-4-kg-seker-fiyatlari,51424","imageIds":[280820],"brandSummary":{"id":51415,"name":"Irmak","slug":"irmak"},"categorySummary":{"id":48,"name":"Toz ve Küp Şeker","nodes":[1,6,8,48]},"offerSummary":{"maxPrice":349.9,"minPrice":283.69,"offerCount":3,"uniqueMerchantCount":3},"topOffers":[{"id":18600281,"productId":51424,"merchantId":11956,"price":283.69,"jumpDepotId":0,"unitPrice":{"displayUnitId":6,"displayUnitName":"kg","displayUnitPrice":70.9225,"unitPrice":0.0709225}}],"discountRatio":null},{"id":97722,"title":"Yazar 5 kg Kristal Toz Şeker","path":"/market/toz-ve-kup-seker/en-ucuz-yazar-5-kg-kristal-toz-seker-fiyatlari,97722","imageIds":[1978022],"brandSummary":{"id":4898,"name":"Yazar","slug":"yazar"},"categorySummary":{"id":48,"name":"Toz ve Küp Şeker","nodes":[1,6,8,48]},"offerSummary":{"maxPrice":1293.04,"minPrice":244.23,"offerCount":8,"uniqueMerchantCount":1},"topOffers":[{"id":32827855,"productId":97722,"merchantId":11512,"price":244.23,"jumpDepotId":0,"unitPrice":{"displayUnitId":6,"displayUnitName":"kg","displayUnitPrice":16.282,"unitPrice":0.016281999999999998}}],"discountRatio":9.997788915094347},{"id":810032,"title":"Başak 5 kg Toz Şeker","path":"/market/toz-ve-kup-seker/en-ucuz-basak-5-kg-toz-seker-fiyatlari,810032","imageIds":[794234],"brandSummary":{"id":34347,"name":"Başak","slug":"basak"},"categorySummary":{"id":48,"name":"Toz ve Küp Şeker","nodes":[1,6,8,48]},"offerSummary":{"maxPrice":1149,"minPrice":272.3,"offerCount":6,"uniqueMerchantCount":2},"topOffers":[{"id":29727778,"productId":810032,"merchantId":11512,"price":272.3,"jumpDepotId":0,"unitPrice":{"displayUnitId":6,"displayUnitName":"kg","displayUnitPrice":54.46,"unitPrice":0.05446}}],"discountRatio":null},{"id":136527,"title":"Carrefour 5 kg Toz Şeker","path":"/market/toz-ve-kup-seker/en-ucuz-carrefour-5-kg-toz-seker-fiyatlari,136527","imageIds":[322953],"brandSummary":{"id":2,"name":"Carrefour","slug":"carrefour"},"categorySummary":{"id":48,"name":"Toz ve Küp Şeker","nodes":[1,6,8,48]},"offerSummary":{"maxPrice":174.5,"minPrice":174.5,"offerCount":2,"uniqueMerchantCount":2},"topOffers":[{"id":4103538,"productId":136527,"merchantId":4512,"price":174.5,"jumpDepotId":0,"unitPrice":{"displayUnitId":6,"displayUnitName":"kg","displayUnitPrice":34.9,"unitPrice":0.0349}}],"discountRatio":null},{"id":51441,"title":"Irmak 1 kg Toz Şeker","path":"/market/toz-ve-kup-seker/en-ucuz-irmak-1-kg-toz-seker-fiyatlari,51441","imageIds":[280836],"brandSummary":{"id":51415,"name":"Irmak","slug":"irmak"},"categorySummary":{"id":48,"name":"Toz ve Küp Şeker","nodes":[1,6,8,48]},"offerSummary":{"maxPrice":115.65,"minPrice":26.9,"offerCount":7,"uniqueMerchantCount":7},"topOffers":[{"id":27239809,"productId":51441,"merchantId":15058,"price":26.9,"jumpDepotId":null,"unitPrice":{"displayUnitId":6,"displayUnitName":"kg","displayUnitPrice":26.9,"unitPrice":0.0269}}],"discountRatio":null},{"id":810040,"title":"Nar 1 kg Küp Şeker","path":"/market/toz-ve-kup-seker/en-ucuz-nar-1-kg-kup-seker-fiyatlari,810040","imageIds":[765696],"brandSummary":{"id":39399,"name":"Nar","slug":"nar"},"categorySummary":{"id":48,"name":"Toz ve Küp Şeker","nodes":[1,6,8,48]},"offerSummary":{"maxPrice":80.18,"minPrice":47.5,"offerCount":4,"uniqueMerchantCount":4},"topOffers":[{"id":34550664,"productId":810040,"merchantId":16743,"price":47.5,"jumpDepotId":0,"unitPrice":{"displayUnitId":6,"displayUnitName":"kg","displayUnitPrice":47.5,"unitPrice":0.0475}}],"discountRatio":null},{"id":1414723,"title":"Bal Küpü 3 kg Kristal Şeker","path":"/market/toz-ve-kup-seker/en-ucuz-bal-kupu-3-kg-kristal-seker-fiyatlari,1414723","imageIds":[1866271],"brandSummary":{"id":58427,"name":"Bal Küpü","slug":"bal-kupu"},"categorySummary":{"id":48,"name":"Toz ve Küp Şeker","nodes":[1,6,8,48]},"offerSummary":{"maxPrice":376.2,"minPrice":109.9,"offerCount":13,"uniqueMerchantCount":8},"topOffers":[{"id":27245097,"productId":1414723,"merchantId":15058,"price":109.9,"jumpDepotId":null,"unitPrice":null}],"discountRatio":null},{"id":51444,"title":"Pekşeker 5 kg Toz Şeker","path":"/market/toz-ve-kup-seker/en-ucuz-pekseker-5-kg-toz-seker-fiyatlari,51444","imageIds":[280839],"brandSummary":{"id":51424,"name":"Pekşeker","slug":"pekseker"},"categorySummary":{"id":48,"name":"Toz ve Küp Şeker","nodes":[1,6,8,48]},"offerSummary":{"maxPrice":314.91,"minPrice":145.9,"offerCount":2,"uniqueMerchantCount":2},"topOffers":[{"id":27263487,"productId":51444,"merchantId":15060,"price":145.9,"jumpDepotId":null,"unitPrice":{"displayUnitId":6,"displayUnitName":"kg","displayUnitPrice":29.18,"unitPrice":0.02918}}],"discountRatio":2.1745208288030815},{"id":1162925,"title":"Gül Aras 405 Adet 1 kg Küp Şeker","path":"/market/toz-ve-kup-seker/en-ucuz-gul-aras-405-adet-1-kg-kup-seker-fiyatlari,1162925","imageIds":[1434908],"brandSummary":{"id":439850,"name":"Gül Aras","slug":"gul-aras"},"categorySummary":{"id":48,"name":"Toz ve Küp Şeker","nodes":[1,6,8,48]},"offerSummary":{"maxPrice":31,"minPrice":31,"offerCount":1,"uniqueMerchantCount":1},"topOffers":[{"id":27204105,"productId":1162925,"merchantId":15057,"price":31,"jumpDepotId":null,"unitPrice":{"displayUnitId":6,"displayUnitName":"kg","displayUnitPrice":31,"unitPrice":0.031}}],"discountRatio":null},{"id":1063359,"title":"Hanzade Bitkisel 1 kg Esmer Toz Şeker","path":"/market/toz-ve-kup-seker/en-ucuz-hanzade-bitkisel-1-kg-esmer-toz-seker-fiyatlari,1063359","imageIds":[1264017],"brandSummary":{"id":446211,"name":"Hanzade Bitkisel","slug":"hanzade-bitkisel"},"categorySummary":{"id":48,"name":"Toz ve Küp Şeker","nodes":[1,6,8,48]},"offerSummary":{"maxPrice":499,"minPrice":54,"offerCount":4,"uniqueMerchantCount":1},"topOffers":[{"id":27357925,"productId":1063359,"merchantId":11967,"price":54,"jumpDepotId":0,"unitPrice":{"displayUnitId":6,"displayUnitName":"kg","displayUnitPrice":54,"unitPrice":0.054}}],"discountRatio":null},{"id":51527,"title":"Mgs Fişek 4 kg Toz Şeker","path":"/market/toz-ve-kup-seker/en-ucuz-mgs-fisek-4-kg-toz-seker-fiyatlari,51527","imageIds":[329443],"brandSummary":{"id":51452,"name":"MGS","slug":"mgs"},"categorySummary":{"id":48,"name":"Toz ve Küp Şeker","nodes":[1,6,8,48]},"offerSummary":{"maxPrice":618.83,"minPrice":298.96,"offerCount":3,"uniqueMerchantCount":2},"topOffers":[{"id":20332766,"productId":51527,"merchantId":14768,"price":298.96,"jumpDepotId":0,"unitPrice":{"displayUnitId":6,"displayUnitName":"kg","displayUnitPrice":74.74,"unitPrice":0.07474}}],"discountRatio":null},{"id":51549,"title":"Petek 5000 gr Toz Şeker","path":"/market/toz-ve-kup-seker/en-ucuz-petek-5000-gr-toz-seker-fiyatlari,51549","imageIds":[280932],"brandSummary":{"id":13596,"name":"Petek","slug":"petek"},"categorySummary":{"id":48,"name":"Toz ve Küp Şeker","nodes":[1,6,8,48]},"offerSummary":{"maxPrice":174.5,"minPrice":174.5,"offerCount":1,"uniqueMerchantCount":1},"topOffers":[{"id":27219227,"productId":51549,"merchantId":15055,"price":174.5,"jumpDepotId":null,"unitPrice":{"displayUnitId":6,"displayUnitName":"kg","displayUnitPrice":34.9,"unitPrice":0.0349}}],"discountRatio":null},{"id":51442,"title":"Doğuş 5 kg Toz Şeker","path":"/market/toz-ve-kup-seker/en-ucuz-dogus-5-kg-toz-seker-fiyatlari,51442","imageIds":[280837,280844],"brandSummary":{"id":17333,"name":"Doğuş","slug":"dogus"},"categorySummary":{"id":48,"name":"Toz ve Küp Şeker","nodes":[1,6,8,48]},"offerSummary":{"maxPrice":331.12,"minPrice":199,"offerCount":3,"uniqueMerchantCount":3},"topOffers":[{"id":27299005,"productId":51442,"merchantId":15055,"price":199,"jumpDepotId":null,"unitPrice":{"displayUnitId":6,"displayUnitName":"kg","displayUnitPrice":39.8,"unitPrice":0.0398}}],"discountRatio":null},{"id":949250,"title":"Bor Şeker 5 kg Toz Şeker","path":"/market/toz-ve-kup-seker/en-ucuz-bor-seker-5-kg-toz-seker-fiyatlari,949250","imageIds":[1094967],"brandSummary":{"id":446525,"name":"Bor Şeker","slug":"bor-seker"},"categorySummary":{"id":48,"name":"Toz ve Küp Şeker","nodes":[1,6,8,48]},"offerSummary":{"maxPrice":199.95,"minPrice":180,"offerCount":4,"uniqueMerchantCount":4},"topOffers":[{"id":27220304,"productId":949250,"merchantId":15055,"price":180,"jumpDepotId":null,"unitPrice":{"displayUnitId":6,"displayUnitName":"kg","displayUnitPrice":36,"unitPrice":0.036}}],"discountRatio":5.0012503125781445},{"id":411173,"title":"Yazar 5 kg Kristal Toz Şeker + 5 kg Pastalık Böreklik Un","path":"/market/toz-ve-kup-seker/en-ucuz-yazar-5-kg-kristal-toz-seker-5-kg-pastalik-boreklik-un-fiyatlari,411173","imageIds":[229821],"brandSummary":{"id":4898,"name":"Yazar","slug":"yazar"},"categorySummary":{"id":48,"name":"Toz ve Küp Şeker","nodes":[1,6,8,48]},"offerSummary":{"maxPrice":409.85,"minPrice":409.85,"offerCount":1,"uniqueMerchantCount":1},"topOffers":[{"id":32827891,"productId":411173,"merchantId":11512,"price":409.85,"jumpDepotId":0,"unitPrice":{"displayUnitId":6,"displayUnitName":"kg","displayUnitPrice":81.97,"unitPrice":0.08197}}],"discountRatio":10.00021959199806},{"id":1080154,"title":"Mgs 750 gr Tek Sarma Küp Şeker Poşet","path":"/market/toz-ve-kup-seker/en-ucuz-mgs-750-gr-tek-sarma-kup-seker-poset-fiyatlari,1080154","imageIds":[1301796],"brandSummary":{"id":51452,"name":"MGS","slug":"mgs"},"categorySummary":{"id":48,"name":"Toz ve Küp Şeker","nodes":[1,6,8,48]},"offerSummary":{"maxPrice":89.23,"minPrice":89.23,"offerCount":1,"uniqueMerchantCount":1},"topOffers":[{"id":27820605,"productId":1080154,"merchantId":11512,"price":89.23,"jumpDepotId":0,"unitPrice":{"displayUnitId":6,"displayUnitName":"kg","displayUnitPrice":118.97333,"unitPrice":0.11897333333333333}}],"discountRatio":null},{"id":1161446,"title":"Şafak 5 kg Toz Şeker","path":"/market/toz-ve-kup-seker/en-ucuz-safak-5-kg-toz-seker-fiyatlari,1161446","imageIds":[1432047],"brandSummary":{"id":442268,"name":"Şafak","slug":"safak"},"categorySummary":{"id":48,"name":"Toz ve Küp Şeker","nodes":[1,6,8,48]},"offerSummary":{"maxPrice":546.67,"minPrice":174.5,"offerCount":2,"uniqueMerchantCount":2},"topOffers":[{"id":27206224,"productId":1161446,"merchantId":15054,"price":174.5,"jumpDepotId":null,"unitPrice":{"displayUnitId":6,"displayUnitName":"kg","displayUnitPrice":34.9,"unitPrice":0.0349}}],"discountRatio":null},{"id":877003,"title":"Merpak 2000'li 3 gram Kırmızı Beyaz Baskılı Stick Toz Şeker","path":"/market/toz-ve-kup-seker/en-ucuz-merpak-2000-li-3-gram-kirmizi-beyaz-baskili-stick-toz-seker-fiyatlari,877003","imageIds":[922136],"brandSummary":{"id":442857,"name":"Merpak","slug":"merpak"},"categorySummary":{"id":48,"name":"Toz ve Küp Şeker","nodes":[1,6,8,48]},"offerSummary":{"maxPrice":329.9,"minPrice":329.9,"offerCount":1,"uniqueMerchantCount":1},"topOffers":[{"id":10412618,"productId":877003,"merchantId":10370,"price":329.9,"jumpDepotId":0,"unitPrice":{"displayUnitId":6,"displayUnitName":"kg","displayUnitPrice":54.98333,"unitPrice":0.05498333333333333}}],"discountRatio":null},{"id":129119,"title":"Türk Şeker Kristal Toz Şeker 5 kg","path":"/market/toz-ve-kup-seker/en-ucuz-turk-seker-kristal-toz-seker-5-kg-fiyatlari,129119","imageIds":[1563238],"brandSummary":{"id":51761,"name":"Türk Şeker","slug":"turk-seker"},"categorySummary":{"id":48,"name":"Toz ve Küp Şeker","nodes":[1,6,8,48]},"offerSummary":{"maxPrice":433.62,"minPrice":168.5,"offerCount":2,"uniqueMerchantCount":2},"topOffers":[{"id":27259123,"productId":129119,"merchantId":15059,"price":168.5,"jumpDepotId":null,"unitPrice":{"displayUnitId":6,"displayUnitName":"kg","displayUnitPrice":33.7,"unitPrice":0.0337}}],"discountRatio":null},{"id":540588,"title":"Bal Küpü Küp Şeker 1 kg","path":"/market/toz-ve-kup-seker/en-ucuz-bal-kupu-kup-seker-1-kg-fiyatlari,540588","imageIds":[507116],"brandSummary":{"id":58427,"name":"Bal Küpü","slug":"bal-kupu"},"categorySummary":{"id":48,"name":"Toz ve Küp Şeker","nodes":[1,6,8,48]},"offerSummary":{"maxPrice":1366.68,"minPrice":48,"offerCount":18,"uniqueMerchantCount":8},"topOffers":[{"id":27298650,"productId":540588,"merchantId":15055,"price":48,"jumpDepotId":null,"unitPrice":{"displayUnitId":6,"displayUnitName":"kg","displayUnitPrice":2.4,"unitPrice":0.0024}}],"discountRatio":null},{"id":932540,"title":"Bor Şeker 2 kg Toz Şeker","path":"/market/toz-ve-kup-seker/en-ucuz-bor-seker-2-kg-toz-seker-fiyatlari,932540","imageIds":[985683],"brandSummary":{"id":446525,"name":"Bor Şeker","slug":"bor-seker"},"categorySummary":{"id":48,"name":"Toz ve Küp Şeker","nodes":[1,6,8,48]},"offerSummary":{"maxPrice":85.9,"minPrice":69.9,"offerCount":4,"uniqueMerchantCount":4},"topOffers":[{"id":28732331,"productId":932540,"merchantId":15055,"price":69.9,"jumpDepotId":null,"unitPrice":{"displayUnitId":6,"displayUnitName":"kg","displayUnitPrice":34.95,"unitPrice":0.03495}}],"discountRatio":null},{"id":51416,"title":"Irmak 5 kg Toz Şeker","path":"/market/toz-ve-kup-seker/en-ucuz-irmak-5-kg-toz-seker-fiyatlari,51416","imageIds":[280824],"brandSummary":{"id":51415,"name":"Irmak","slug":"irmak"},"categorySummary":{"id":48,"name":"Toz ve Küp Şeker","nodes":[1,6,8,48]},"offerSummary":{"maxPrice":433.62,"minPrice":145.9,"offerCount":7,"uniqueMerchantCount":6},"topOffers":[{"id":27267456,"productId":51416,"merchantId":15060,"price":145.9,"jumpDepotId":null,"unitPrice":{"displayUnitId":6,"displayUnitName":"kg","displayUnitPrice":29.18,"unitPrice":0.02918}}],"discountRatio":4.035658997491059},{"id":1509164,"title":"TOS The Organic Spices 500 gr Esmer Kahverengi Şeker","path":"/market/toz-ve-kup-seker/en-ucuz-tos-the-organic-spices-500-gr-esmer-kahverengi-seker-fiyatlari,1509164","imageIds":[1987698],"brandSummary":{"id":473166,"name":"TOS The Organic Spices","slug":"tos-the-organic-spices"},"categorySummary":{"id":48,"name":"Toz ve Küp Şeker","nodes":[1,6,8,48]},"offerSummary":{"maxPrice":271.82,"minPrice":271.82,"offerCount":1,"uniqueMerchantCount":1},"topOffers":[{"id":34770372,"productId":1509164,"merchantId":11512,"price":271.82,"jumpDepotId":0,"unitPrice":null}],"discountRatio":null}],"categories":[{"category":null,"subCategories":[{"category":{"id":62,"name":"Şekerleme Sakız","slug":"sekerleme-sakiz","mainCategory":null},"count":1254},{"category":{"id":71,"name":"Tatlı ve Pasta Malzemeleri","slug":"tatli-ve-pasta-malzemeleri","mainCategory":null},"count":394},{"category":{"id":48,"name":"Toz ve Küp Şeker","slug":"toz-ve-kup-seker","mainCategory":null},"count":310},{"category":{"id":20,"name":"Bal ve Reçel","slug":"bal-ve-recel","mainCategory":null},"count":83},{"category":{"id":46,"name":"Baharat","slug":"baharat","mainCategory":null},"count":69},{"category":{"id":59,"name":"Kuruyemiş","slug":"kuruyemis","mainCategory":null},"count":50},{"category":{"id":21,"name":"Tahin Pekmez ve Helva","slug":"tahin-pekmez-ve-helva","mainCategory":null},"count":36},{"category":{"id":66,"name":"Bakliyat","slug":"bakliyat","mainCategory":null},"count":33},{"category":{"id":58,"name":"Çikolata ve Gofret","slug":"cikolata-ve-gofret","mainCategory":null},"count":32},{"category":{"id":25,"name":"Sürülebilir","slug":"surulebilir","mainCategory":null},"count":23},{"category":{"id":51,"name":"Sos","slug":"sos","mainCategory":null},"count":19},{"category":{"id":31,"name":"Çay","slug":"cay","mainCategory":null},"count":16},{"category":{"id":57,"name":"Tatlı ve Pasta","slug":"tatli-ve-pasta","mainCategory":null},"count":15},{"category":{"id":63,"name":"Granola ve Bar","slug":"granola-ve-bar","mainCategory":null},"count":14},{"category":{"id":64,"name":"Kuru Meyve","slug":"kuru-meyve","mainCategory":null},"count":5},{"category":{"id":72,"name":"Parlatıcı ve Temizleyiciler","slug":"parlatici-ve-temizleyiciler","mainCategory":null},"count":5},{"category":{"id":27,"name":"Süt","slug":"sut","mainCategory":null},"count":4},{"category":{"id":32,"name":"Kahve","slug":"kahve","mainCategory":null},"count":4},{"category":{"id":35,"name":"Limonata ve Meyve suyu","slug":"limonata-ve-meyve-suyu","mainCategory":null},"count":4},{"category":{"id":74,"name":"Oda Kokusu","slug":"oda-kokusu","mainCategory":null},"count":4},{"category":{"id":65,"name":"Un ve İrmik","slug":"un-ve-irmik","mainCategory":null},"count":3},{"category":{"id":93,"name":"Bitkisel Yağlar","slug":"bitkisel-yaglar","mainCategory":null},"count":3},{"category":{"id":22,"name":"Kahvaltılık Gevrek","slug":"kahvaltilik-gevrek","mainCategory":null},"count":2},{"category":{"id":34,"name":"Gazlı İçecek","slug":"gazli-icecek","mainCategory":null},"count":2},{"category":{"id":53,"name":"Dondurulmuş Gıda","slug":"dondurulmus-gida","mainCategory":null},"count":2},{"category":{"id":60,"name":"Bisküvi ve Kek","slug":"biskuvi-ve-kek","mainCategory":null},"count":2},{"category":{"id":19,"name":"Sebze","slug":"sebze","mainCategory":null},"count":1},{"category":{"id":33,"name":"Sıcak Toz İçecek","slug":"sicak-toz-icecek","mainCategory":null},"count":1},{"category":{"id":37,"name":"Soğuk Toz İçecekler","slug":"soguk-toz-icecekler","mainCategory":null},"count":1},{"category":{"id":38,"name":"Soğuk Kahveler","slug":"soguk-kahveler","mainCategory":null},"count":1},{"category":{"id":41,"name":"Geleneksel İçecekler","slug":"geleneksel-icecekler","mainCategory":null},"count":1},{"category":{"id":50,"name":"Konserve","slug":"konserve","mainCategory":null},"count":1},{"category":{"id":54,"name":"Kuru Sebze","slug":"kuru-sebze","mainCategory":null},"count":1},{"category":{"id":55,"name":"Dondurma","slug":"dondurma","mainCategory":null},"count":1},{"category":{"id":61,"name":"Kraker ve Kurabiye","slug":"kraker-ve-kurabiye","mainCategory":null},"count":1},{"category":{"id":70,"name":"Ramazan Paketi","slug":"ramazan-paketi","mainCategory":null},"count":1}]}],"sorts":[{"order":"desc","sort":"rank","title":"En Popüler"},{"order":"asc","sort":"price","title":"En Düşük Fiyat"},{"order":"asc","sort":"specUnit","title":"En Düşük Birim Fiyat"}],"brands":[{"brand":{"id":10822,"name":"Kent","slug":"kent"},"count":131},{"brand":{"id":411946,"name":"TOS","slug":"tos"},"count":101},{"brand":{"id":673,"name":"Diğer","slug":"diger"},"count":75},{"brand":{"id":13972,"name":"Şener","slug":"sener"},"count":69},{"brand":{"id":1230,"name":"Dr. Gusto","slug":"dr-gusto"},"count":58},{"brand":{"id":451296,"name":"Astera","slug":"astera"},"count":53},{"brand":{"id":2988,"name":"Tito","slug":"tito"},"count":50},{"brand":{"id":67462,"name":"Dr Paste","slug":"dr-paste"},"count":50},{"brand":{"id":4898,"name":"Yazar","slug":"yazar"},"count":44},{"brand":{"id":10088,"name":"Haribo","slug":"haribo"},"count":44},{"brand":{"id":5,"name":"Ülker","slug":"ulker"},"count":41},{"brand":{"id":13515,"name":"Bebeto","slug":"bebeto"},"count":39},{"brand":{"id":13629,"name":"Şekerci Cafer Erol","slug":"sekerci-cafer-erol"},"count":37},{"brand":{"id":410993,"name":"Tayaş","slug":"tayas"},"count":37},{"brand":{"id":444774,"name":"Yayla Kuruyemiş","slug":"yayla-kuruyemis"},"count":36},{"brand":{"id":9249,"name":"Elvan","slug":"elvan"},"count":33},{"brand":{"id":12690,"name":"Takita","slug":"takita"},"count":31},{"brand":{"id":442339,"name":"Leblebi Çarşısı","slug":"leblebi-carsisi"},"count":30},{"brand":{"id":440037,"name":"Pastaland","slug":"pastaland"},"count":29},{"brand":{"id":10220,"name":"Melodi","slug":"melodi"},"count":26},{"brand":{"id":1008,"name":"Aktarzane","slug":"aktarzane"},"count":25},{"brand":{"id":15668,"name":"Cavendish \u0026 Harvey","slug":"cavendish-harvey"},"count":24},{"brand":{"id":473166,"name":"TOS The Organic Spices","slug":"tos-the-organic-spices"},"count":24},{"brand":{"id":14228,"name":"Şekerci Caferzade","slug":"sekerci-caferzade"},"count":23},{"brand":{"id":443698,"name":"Derya Eren","slug":"derya-eren"},"count":23},{"brand":{"id":67438,"name":"Şeker \u0026 Sugar","slug":"seker-sugar"},"count":19},{"brand":{"id":457048,"name":"Fıstık Bahçem","slug":"fistik-bahcem"},"count":18},{"brand":{"id":2,"name":"Carrefour","slug":"carrefour"},"count":16},{"brand":{"id":4968,"name":"Dilşeker","slug":"dilseker"},"count":16},{"brand":{"id":12758,"name":"Olips","slug":"olips"},"count":16},{"brand":{"id":410979,"name":"Evliya","slug":"evliya"},"count":16},{"brand":{"id":440033,"name":"Hleks","slug":"hleks"},"count":16},{"brand":{"id":12984,"name":"Fibrelle","slug":"fibrelle"},"count":15},{"brand":{"id":445823,"name":"Bodrum Yadigarı","slug":"bodrum-yadigari"},"count":15},{"brand":{"id":3344,"name":"Kenton","slug":"kenton"},"count":14},{"brand":{"id":104399,"name":"Uzungil","slug":"uzungil"},"count":14},{"brand":{"id":440204,"name":"Tuğba Kuruyemiş","slug":"tugba-kuruyemis"},"count":14},{"brand":{"id":12713,"name":"Mentos","slug":"mentos"},"count":13},{"brand":{"id":51415,"name":"Irmak","slug":"irmak"},"count":13},{"brand":{"id":439954,"name":"Halktan","slug":"halktan"},"count":13},{"brand":{"id":6013,"name":"İpek Değirmen","slug":"ipek-degirmen"},"count":12},{"brand":{"id":6823,"name":"Benim Aktar","slug":"benim-aktar"},"count":12},{"brand":{"id":10041,"name":"Pakmaya","slug":"pakmaya"},"count":12},{"brand":{"id":446211,"name":"Hanzade Bitkisel","slug":"hanzade-bitkisel"},"count":12},{"brand":{"id":469,"name":"Migros","slug":"migros"},"count":11},{"brand":{"id":10890,"name":"Patiswiss","slug":"patiswiss"},"count":11},{"brand":{"id":441190,"name":"Festiva","slug":"festiva"},"count":11},{"brand":{"id":448543,"name":"Myebi","slug":"myebi"},"count":11},{"brand":{"id":94,"name":"Torku","slug":"torku"},"count":10},{"brand":{"id":9090,"name":"Elit","slug":"elit"},"count":10},{"brand":{"id":12874,"name":"Yenigün","slug":"yenigun"},"count":10},{"brand":{"id":125726,"name":"Jox","slug":"jox"},"count":10},{"brand":{"id":410827,"name":"Organik Bitkim","slug":"organik-bitkim"},"count":10},{"brand":{"id":441075,"name":"Yaşarbey","slug":"yasarbey"},"count":10},{"brand":{"id":448467,"name":"Şifa Baharat","slug":"sifa-baharat"},"count":10},{"brand":{"id":1621,"name":"Kocamaar Çiftliği","slug":"kocamaar-ciftligi"},"count":9},{"brand":{"id":4712,"name":"Gürbüzler","slug":"gurbuzler"},"count":9},{"brand":{"id":13777,"name":"Lokman Aktar","slug":"lokman-aktar"},"count":9},{"brand":{"id":51440,"name":"Splenda","slug":"splenda"},"count":9},{"brand":{"id":440067,"name":"By Tüfekçi","slug":"by-tufekci"},"count":9},{"brand":{"id":440287,"name":"Gaziantep Pazarı","slug":"gaziantep-pazari"},"count":9},{"brand":{"id":444652,"name":"Tic Tac","slug":"tic-tac"},"count":9},{"brand":{"id":476898,"name":"Asuntaş","slug":"asuntas"},"count":9},{"brand":{"id":24607,"name":"Kent Boringer","slug":"kent-boringer"},"count":8},{"brand":{"id":39399,"name":"Nar","slug":"nar"},"count":8},{"brand":{"id":51452,"name":"MGS","slug":"mgs"},"count":8},{"brand":{"id":51483,"name":"Tatküpü","slug":"tatkupu"},"count":8},{"brand":{"id":58427,"name":"Bal Küpü","slug":"bal-kupu"},"count":8},{"brand":{"id":442256,"name":"Altın Küp","slug":"altin-kup"},"count":8},{"brand":{"id":443324,"name":"Dadak Lokum ve Kuruyemiş","slug":"dadak-lokum-ve-kuruyemis"},"count":8},{"brand":{"id":444079,"name":"Zencefil Organik","slug":"zencefil-organik"},"count":8},{"brand":{"id":444825,"name":"Gönbeler","slug":"gonbeler"},"count":8},{"brand":{"id":445788,"name":"Zümrüt","slug":"zumrut"},"count":8},{"brand":{"id":469678,"name":"aleyna baharat","slug":"aleyna-baharat"},"count":8},{"brand":{"id":476220,"name":"Doğanın Kalbi","slug":"doganin-kalbi"},"count":8},{"brand":{"id":7636,"name":"Bercekız Servet Şekerleme","slug":"bercekiz-servet-sekerleme"},"count":7},{"brand":{"id":34347,"name":"Başak","slug":"basak"},"count":7},{"brand":{"id":51424,"name":"Pekşeker","slug":"pekseker"},"count":7},{"brand":{"id":51761,"name":"Türk Şeker","slug":"turk-seker"},"count":7},{"brand":{"id":125383,"name":"Cihan","slug":"cihan"},"count":7},{"brand":{"id":452536,"name":"Mely","slug":"mely"},"count":7},{"brand":{"id":456835,"name":"Sultan Pestil","slug":"sultan-pestil"},"count":7},{"brand":{"id":515,"name":"Aktar Diyarı","slug":"aktar-diyari"},"count":6},{"brand":{"id":10347,"name":"Aroha","slug":"aroha"},"count":6},{"brand":{"id":11015,"name":"Balin","slug":"balin"},"count":6},{"brand":{"id":13282,"name":"Tofita","slug":"tofita"},"count":6},{"brand":{"id":13685,"name":"Chupa Chups","slug":"chupa-chups"},"count":6},{"brand":{"id":15893,"name":"Toffix","slug":"toffix"},"count":6},{"brand":{"id":23668,"name":"İstanbul Baharat","slug":"istanbul-baharat"},"count":6},{"brand":{"id":442660,"name":"E-aktariye","slug":"e-aktariye"},"count":6},{"brand":{"id":444791,"name":"Toxic Waste","slug":"toxic-waste"},"count":6},{"brand":{"id":448684,"name":"Jellopy","slug":"jellopy"},"count":6},{"brand":{"id":455726,"name":"DoğuMark","slug":"dogumark"},"count":6},{"brand":{"id":474045,"name":"Qavruq","slug":"qavruq"},"count":6},{"brand":{"id":3198,"name":"Haluk Aydın Kuruyemiş","slug":"haluk-aydin-kuruyemis"},"count":5},{"brand":{"id":4427,"name":"LokmanAvm","slug":"lokmanavm"},"count":5},{"brand":{"id":5154,"name":"Tunalı Lokman Hekim","slug":"tunali-lokman-hekim"},"count":5},{"brand":{"id":6719,"name":"Dola","slug":"dola"},"count":5},{"brand":{"id":12034,"name":"DR OETKER","slug":"dr-oetker"},"count":5},{"brand":{"id":12971,"name":"Rocco","slug":"rocco"},"count":5},{"brand":{"id":51706,"name":"Kayseri Şeker","slug":"kayseri-seker"},"count":5},{"brand":{"id":73364,"name":"Viking","slug":"viking"},"count":5},{"brand":{"id":410772,"name":"Laraska","slug":"laraska"},"count":5},{"brand":{"id":415982,"name":"Erdenim","slug":"erdenim"},"count":5},{"brand":{"id":439996,"name":"Pol's Gurme","slug":"pol-s-gurme"},"count":5},{"brand":{"id":441330,"name":"Orçel","slug":"orcel"},"count":5},{"brand":{"id":446108,"name":"Evliya Şekerleme","slug":"evliya-sekerleme"},"count":5},{"brand":{"id":446525,"name":"Bor Şeker","slug":"bor-seker"},"count":5},{"brand":{"id":448032,"name":"Auran","slug":"auran"},"count":5},{"brand":{"id":463220,"name":"My Bake","slug":"my-bake"},"count":5},{"brand":{"id":4250,"name":"İngro","slug":"ingro"},"count":4},{"brand":{"id":4308,"name":"Can Kardeşler Kuruyemiş","slug":"can-kardesler-kuruyemis"},"count":4},{"brand":{"id":7390,"name":"Aktarcınız","slug":"aktarciniz"},"count":4},{"brand":{"id":7675,"name":"Hancıbey","slug":"hancibey"},"count":4},{"brand":{"id":9063,"name":"Nestle","slug":"nestle"},"count":4},{"brand":{"id":9093,"name":"Şölen","slug":"solen"},"count":4},{"brand":{"id":9507,"name":"Kellogg's","slug":"kellogg-s"},"count":4},{"brand":{"id":13140,"name":"Polo","slug":"polo"},"count":4},{"brand":{"id":13596,"name":"Petek","slug":"petek"},"count":4},{"brand":{"id":15652,"name":"Kuki","slug":"kuki"},"count":4},{"brand":{"id":15779,"name":"Pıt Pıt","slug":"pit-pit"},"count":4},{"brand":{"id":17333,"name":"Doğuş","slug":"dogus"},"count":4},{"brand":{"id":54412,"name":"Beta Tea","slug":"beta-tea"},"count":4},{"brand":{"id":103053,"name":"Elit Çikolata","slug":"elit-cikolata"},"count":4},{"brand":{"id":107378,"name":"Artukbey","slug":"artukbey"},"count":4},{"brand":{"id":414877,"name":"Kayseri Pazarı","slug":"kayseri-pazari"},"count":4},{"brand":{"id":439977,"name":"Laçoko","slug":"lacoko"},"count":4},{"brand":{"id":441628,"name":"Bozdağ","slug":"bozdag"},"count":4},{"brand":{"id":442001,"name":"Naturdan","slug":"naturdan"},"count":4},{"brand":{"id":442268,"name":"Şafak","slug":"safak"},"count":4},{"brand":{"id":442538,"name":"Gurme Market","slug":"gurme-market"},"count":4},{"brand":{"id":442857,"name":"Merpak","slug":"merpak"},"count":4},{"brand":{"id":444302,"name":"Dr. Oetker","slug":"dr--oetker"},"count":4},{"brand":{"id":457840,"name":"Sunlife","slug":"sunlife"},"count":4},{"brand":{"id":472833,"name":"Kakulem","slug":"kakulem"},"count":4},{"brand":{"id":609,"name":"Arifoğlu","slug":"arifoglu"},"count":3},{"brand":{"id":1026,"name":"Datça","slug":"datca"},"count":3},{"brand":{"id":2641,"name":"Malatya Pazarı","slug":"malatya-pazari"},"count":3},{"brand":{"id":3170,"name":"Katkı Dünyası","slug":"katki-dunyasi"},"count":3},{"brand":{"id":3509,"name":"Kahve Dünyası","slug":"kahve-dunyasi"},"count":3},{"brand":{"id":4099,"name":"Aydın","slug":"aydin"},"count":3},{"brand":{"id":8584,"name":"Naturpy","slug":"naturpy"},"count":3},{"brand":{"id":12213,"name":"Tat","slug":"tat"},"count":3},{"brand":{"id":13033,"name":"Balşeker","slug":"balseker"},"count":3},{"brand":{"id":13258,"name":"Canderel","slug":"canderel"},"count":3},{"brand":{"id":20071,"name":"Reis","slug":"reis"},"count":3},{"brand":{"id":24081,"name":"Seğmen","slug":"segmen"},"count":3},{"brand":{"id":47131,"name":"Pol's","slug":"pol-s"},"count":3},{"brand":{"id":47703,"name":"Antalya Reçelcisi","slug":"antalya-recelcisi"},"count":3},{"brand":{"id":51417,"name":"Balküpü","slug":"balkupu"},"count":3},{"brand":{"id":56478,"name":"Herby","slug":"herby"},"count":3},{"brand":{"id":113808,"name":"Konak","slug":"konak"},"count":3},{"brand":{"id":410843,"name":"Vegrano","slug":"vegrano"},"count":3},{"brand":{"id":444000,"name":"Özkar Şekerleme","slug":"ozkar-sekerleme"},"count":3},{"brand":{"id":445434,"name":"Katjes","slug":"katjes"},"count":3},{"brand":{"id":447045,"name":"Jimmy","slug":"jimmy"},"count":3},{"brand":{"id":448239,"name":"Sweetwell","slug":"sweetwell"},"count":3},{"brand":{"id":448542,"name":"Ibon","slug":"ibon"},"count":3},{"brand":{"id":449231,"name":"Dökme Baharat","slug":"dokme-baharat"},"count":3},{"brand":{"id":452209,"name":"Werther's Original","slug":"werther-s-original"},"count":3},{"brand":{"id":453027,"name":"Artisan Candy","slug":"artisan-candy"},"count":3},{"brand":{"id":453508,"name":"AfyonKarahisar","slug":"afyonkarahisar"},"count":3},{"brand":{"id":454820,"name":"Kemal Ağa 1947","slug":"kemal-aga-1947"},"count":3},{"brand":{"id":455416,"name":"Ünse Kuruyemiş","slug":"unse-kuruyemis"},"count":3},{"brand":{"id":461579,"name":"The Marlen","slug":"the-marlen"},"count":3},{"brand":{"id":471181,"name":"Candy Break","slug":"candy-break"},"count":3},{"brand":{"id":474828,"name":"Arif Kezik","slug":"arif-kezik"},"count":3},{"brand":{"id":474862,"name":"Seven Stick","slug":"seven-stick"},"count":3},{"brand":{"id":475177,"name":"Erpa","slug":"erpa"},"count":3},{"brand":{"id":45,"name":"Sütaş","slug":"sutas"},"count":2},{"brand":{"id":228,"name":"Koska","slug":"koska"},"count":2},{"brand":{"id":613,"name":"Tarım Kredi","slug":"tarim-kredi"},"count":2},{"brand":{"id":1257,"name":"Soma Kadın Atölyesi","slug":"soma-kadin-atolyesi"},"count":2},{"brand":{"id":1434,"name":"Mizey","slug":"mizey"},"count":2},{"brand":{"id":2451,"name":"Bağdat Baharat","slug":"bagdat-baharat"},"count":2},{"brand":{"id":2461,"name":"Yayla","slug":"yayla"},"count":2},{"brand":{"id":2584,"name":"Ayvalık Baharat","slug":"ayvalik-baharat"},"count":2},{"brand":{"id":3895,"name":"Ünal Kuruyemiş","slug":"unal-kuruyemis"},"count":2},{"brand":{"id":5071,"name":"The Lifeco","slug":"the-lifeco"},"count":2},{"brand":{"id":5114,"name":"Bi Fındık","slug":"bi-findik"},"count":2},{"brand":{"id":9105,"name":"Milka","slug":"milka"},"count":2},{"brand":{"id":11216,"name":"Lokumbox","slug":"lokumbox"},"count":2},{"brand":{"id":13144,"name":"Saadet","slug":"saadet"},"count":2},{"brand":{"id":13251,"name":"Pez","slug":"pez"},"count":2},{"brand":{"id":13722,"name":"Doruk","slug":"doruk"},"count":2},{"brand":{"id":19408,"name":"Gold","slug":"gold"},"count":2},{"brand":{"id":22183,"name":"Bera","slug":"bera"},"count":2},{"brand":{"id":32894,"name":"Balbis","slug":"balbis"},"count":2},{"brand":{"id":33648,"name":"Mevlana","slug":"mevlana"},"count":2},{"brand":{"id":36575,"name":"Thelifeco","slug":"thelifeco"},"count":2},{"brand":{"id":37180,"name":"Tamek","slug":"tamek"},"count":2},{"brand":{"id":37186,"name":"Fo","slug":"fo"},"count":2},{"brand":{"id":51459,"name":"Avansas","slug":"avansas"},"count":2},{"brand":{"id":51580,"name":"Stevia","slug":"stevia"},"count":2},{"brand":{"id":51620,"name":"Dizi","slug":"dizi"},"count":2},{"brand":{"id":51762,"name":"Son Osmanlı","slug":"son-osmanli"},"count":2},{"brand":{"id":65803,"name":"Akşeker","slug":"akseker"},"count":2},{"brand":{"id":125524,"name":"Yupo","slug":"yupo"},"count":2},{"brand":{"id":410994,"name":"Lina","slug":"lina"},"count":2},{"brand":{"id":439850,"name":"Gül Aras","slug":"gul-aras"},"count":2},{"brand":{"id":439917,"name":"Glş Şifahanem Organik Aktar","slug":"gls-sifahanem-organik-aktar"},"count":2},{"brand":{"id":440202,"name":"Özçiğdem","slug":"ozcigdem"},"count":2},{"brand":{"id":440519,"name":"Ufresh","slug":"ufresh"},"count":2},{"brand":{"id":440840,"name":"İris Odak Konservecilik","slug":"iris-odak-konservecilik"},"count":2},{"brand":{"id":442258,"name":"Şekersugar","slug":"sekersugar"},"count":2},{"brand":{"id":442940,"name":"Dökme Ürünler","slug":"dokme-urunler"},"count":2},{"brand":{"id":443592,"name":"Rawberry","slug":"rawberry"},"count":2},{"brand":{"id":445219,"name":"Troy Naturals","slug":"troy-naturals"},"count":2},{"brand":{"id":446791,"name":"Kayısı Yurdu","slug":"kayisi-yurdu"},"count":2},{"brand":{"id":448010,"name":"Agosto","slug":"agosto"},"count":2},{"brand":{"id":448266,"name":"Lico Rico","slug":"lico-rico"},"count":2},{"brand":{"id":448545,"name":"coffex","slug":"coffex"},"count":2},{"brand":{"id":448578,"name":"Dr. Milk","slug":"dr--milk"},"count":2},{"brand":{"id":448620,"name":"Mercredi","slug":"mercredi"},"count":2},{"brand":{"id":450132,"name":"Erkar","slug":"erkar"},"count":2},{"brand":{"id":450789,"name":"Tk","slug":"tk"},"count":2},{"brand":{"id":451823,"name":"Özkar","slug":"ozkar"},"count":2},{"brand":{"id":454037,"name":"Aktarsepeti","slug":"aktarsepeti"},"count":2},{"brand":{"id":454266,"name":"Fenomen","slug":"fenomen"},"count":2},{"brand":{"id":455735,"name":"7D","slug":"7d"},"count":2},{"brand":{"id":456277,"name":"Mardin Sepet","slug":"mardin-sepet"},"count":2},{"brand":{"id":460060,"name":"Royal Baharat","slug":"royal-baharat"},"count":2},{"brand":{"id":461894,"name":"Bileb Serinhisar","slug":"bileb-serinhisar"},"count":2},{"brand":{"id":473603,"name":"ScrapCooking","slug":"scrapcooking"},"count":2},{"brand":{"id":475267,"name":"Hermesetas","slug":"hermesetas"},"count":2},{"brand":{"id":15,"name":"Kristal","slug":"kristal"},"count":1},{"brand":{"id":22,"name":"Çotanak","slug":"cotanak"},"count":1},{"brand":{"id":121,"name":"Fiskobirlik","slug":"fiskobirlik"},"count":1},{"brand":{"id":128,"name":"OTS","slug":"ots"},"count":1},{"brand":{"id":270,"name":"Doğan","slug":"dogan"},"count":1},{"brand":{"id":274,"name":"Besler","slug":"besler"},"count":1},{"brand":{"id":301,"name":"Hayfene","slug":"hayfene"},"count":1},{"brand":{"id":348,"name":"Gurmepark","slug":"gurmepark"},"count":1},{"brand":{"id":496,"name":"Gaziantepten","slug":"gaziantepten"},"count":1},{"brand":{"id":723,"name":"İksirli Çiftlik","slug":"iksirli-ciftlik"},"count":1},{"brand":{"id":1258,"name":"Çizmelioğlu","slug":"cizmelioglu"},"count":1},{"brand":{"id":1301,"name":"Altun","slug":"altun"},"count":1},{"brand":{"id":1444,"name":"Alba","slug":"alba"},"count":1},{"brand":{"id":1727,"name":"Ekozel","slug":"ekozel"},"count":1},{"brand":{"id":1922,"name":"Kardelen","slug":"kardelen"},"count":1},{"brand":{"id":1967,"name":"Hışıroğlu Kuruyemiş","slug":"hisiroglu-kuruyemis"},"count":1},{"brand":{"id":2581,"name":"Kayısı İste","slug":"kayisi-iste"},"count":1},{"brand":{"id":2662,"name":"Lokum Atölyesi","slug":"lokum-atolyesi"},"count":1},{"brand":{"id":3204,"name":"Çerezya","slug":"cerezya"},"count":1},{"brand":{"id":3380,"name":"Ayhan Ercan","slug":"ayhan-ercan"},"count":1},{"brand":{"id":3530,"name":"Lokman","slug":"lokman"},"count":1},{"brand":{"id":4038,"name":"Çakır Çerez","slug":"cakir-cerez"},"count":1},{"brand":{"id":4193,"name":"Anadolu Mutfağı","slug":"anadolu-mutfagi"},"count":1},{"brand":{"id":6001,"name":"Bağdat","slug":"bagdat"},"count":1},{"brand":{"id":7883,"name":"Onur","slug":"onur"},"count":1}],"merchants":[{"merchant":{"id":11512,"name":"PttAVM","slug":"pttavm","cargoType":"in_a_week","platforms":["desktop","mobile","app"],"minBasketAmount":null,"deliveryFee":null,"isOffline":false},"count":1049},{"merchant":{"id":12929,"name":"Pazarama","slug":"pazarama","cargoType":null,"platforms":null,"minBasketAmount":null,"deliveryFee":null,"isOffline":false},"count":673},{"merchant":{"id":10370,"name":"Amazon","slug":"amazon-com-tr","cargoType":"in_a_week","platforms":["desktop","mobile","app"],"minBasketAmount":null,"deliveryFee":null,"isOffline":false},"count":634},{"merchant":{"id":15056,"name":"Migros","slug":"migros-offline-com-tr","cargoType":"in_a_week","platforms":["desktop","mobile","app"],"minBasketAmount":null,"deliveryFee":null,"isOffline":true},"count":169},{"merchant":{"id":15055,"name":"a101","slug":"a101-offline-com-tr","cargoType":"in_a_week","platforms":["desktop","mobile","app"],"minBasketAmount":null,"deliveryFee":null,"isOffline":true},"count":161},{"merchant":{"id":15058,"name":"Carrefour","slug":"carrefoursa-offline","cargoType":"in_a_week","platforms":["desktop","mobile","app"],"minBasketAmount":null,"deliveryFee":null,"isOffline":true},"count":160},{"merchant":{"id":4512,"name":"Carrefoursa","slug":"carrefoursa","cargoType":"in_a_week","platforms":["desktop","mobile","app"],"minBasketAmount":null,"deliveryFee":null,"isOffline":false},"count":126},{"merchant":{"id":15060,"name":"Hakmarekspress","slug":"hakmarexpress-offline-com-tr","cargoType":"in_a_week","platforms":["desktop","mobile","app"],"minBasketAmount":null,"deliveryFee":null,"isOffline":true},"count":54},{"merchant":{"id":15059,"name":"Tarım Kredi Kooperatifi","slug":"tarimkredi-offline-org-tr","cargoType":"in_a_week","platforms":["desktop","mobile","app"],"minBasketAmount":null,"deliveryFee":null,"isOffline":true},"count":42},{"merchant":{"id":15057,"name":"Şok","slug":"sokmarket-offline-com-tr","cargoType":"in_a_week","platforms":["desktop","mobile","app"],"minBasketAmount":null,"deliveryFee":null,"isOffline":true},"count":39},{"merchant":{"id":16743,"name":"Getir Büyük","slug":"getir-buyuk","cargoType":null,"platforms":null,"minBasketAmount":null,"deliveryFee":null,"isOffline":false},"count":33},{"merchant":{"id":23411,"name":"Leblebi Çarşısı","slug":"leblebicarsisi","cargoType":null,"platforms":null,"minBasketAmount":null,"deliveryFee":null,"isOffline":false},"count":30},{"merchant":{"id":11864,"name":"Allkaria","slug":"allkaria","cargoType":"in_a_week","platforms":["desktop","mobile","app"],"minBasketAmount":null,"deliveryFee":null,"isOffline":false},"count":25},{"merchant":{"id":2364,"name":"Avansas","slug":"avansas","cargoType":"in_a_week","platforms":["desktop","mobile","app"],"minBasketAmount":null,"deliveryFee":null,"isOffline":false},"count":15},{"merchant":{"id":10811,"name":"Ofisegetirelim","slug":"ofisegetirelim","cargoType":"in_a_week","platforms":["desktop","mobile","app"],"minBasketAmount":null,"deliveryFee":null,"isOffline":false},"count":12},{"merchant":{"id":16151,"name":"Toptan Migros","slug":"toptan-migros-com-tr","cargoType":null,"platforms":null,"minBasketAmount":null,"deliveryFee":null,"isOffline":false},"count":11},{"merchant":{"id":9799,"name":"Vitaminler","slug":"vitaminler","cargoType":"in_a_week","platforms":["desktop","mobile","app"],"minBasketAmount":null,"deliveryFee":null,"isOffline":false},"count":10},{"merchant":{"id":15054,"name":"Bim","slug":"bim-offline-com-tr","cargoType":"in_a_week","platforms":["desktop","mobile","app"],"minBasketAmount":null,"deliveryFee":null,"isOffline":true},"count":10},{"merchant":{"id":13070,"name":"Listensi","slug":"listensi","cargoType":null,"platforms":null,"minBasketAmount":null,"deliveryFee":null,"isOffline":false},"count":8},{"merchant":{"id":16703,"name":"kocamaar","slug":"kocamaar","cargoType":null,"platforms":null,"minBasketAmount":null,"deliveryFee":null,"isOffline":false},"count":8},{"merchant":{"id":12181,"name":"Eczane","slug":"eczane-com-tr","cargoType":"in_a_week","platforms":["desktop","mobile","app"],"minBasketAmount":null,"deliveryFee":null,"isOffline":false},"count":7},{"merchant":{"id":11967,"name":"Ebitkisel","slug":"ebitkisel","cargoType":"in_a_week","platforms":["desktop","mobile","app"],"minBasketAmount":null,"deliveryFee":null,"isOffline":false},"count":6},{"merchant":{"id":9703,"name":"Lokmanavm","slug":"lokmanavm","cargoType":"in_a_week","platforms":["desktop","mobile","app"],"minBasketAmount":null,"deliveryFee":null,"isOffline":false},"count":5},{"merchant":{"id":11956,"name":"Haibrag","slug":"haibrag","cargoType":"in_a_week","platforms":["desktop","mobile","app"],"minBasketAmount":null,"deliveryFee":null,"isOffline":false},"count":5},{"merchant":{"id":10796,"name":"Reçete","slug":"recete","cargoType":"in_a_week","platforms":["desktop","mobile","app"],"minBasketAmount":null,"deliveryFee":null,"isOffline":false},"count":4},{"merchant":{"id":14768,"name":"Pekgross","slug":"pekgross","cargoType":null,"platforms":null,"minBasketAmount":null,"deliveryFee":null,"isOffline":false},"count":3},{"merchant":{"id":10605,"name":"Gratis","slug":"gratis","cargoType":"in_a_week","platforms":["desktop","mobile","app"],"minBasketAmount":null,"deliveryFee":null,"isOffline":false},"count":3},{"merchant":{"id":12649,"name":"Seğmen","slug":"segmen-com-tr","cargoType":null,"platforms":null,"minBasketAmount":null,"deliveryFee":null,"isOffline":false},"count":3},{"merchant":{"id":23398,"name":"Paylaşım Pastacılık","slug":"paylasimgida","cargoType":null,"platforms":null,"minBasketAmount":null,"deliveryFee":null,"isOffline":false},"count":3},{"merchant":{"id":23477,"name":"ZerGo","slug":"zergo-com-tr","cargoType":null,"platforms":null,"minBasketAmount":null,"deliveryFee":null,"isOffline":false},"count":3},{"merchant":{"id":10870,"name":"Rossmann","slug":"rossmann-com-tr","cargoType":"in_a_week","platforms":["desktop","mobile","app"],"minBasketAmount":null,"deliveryFee":null,"isOffline":false},"count":2},{"merchant":{"id":11842,"name":"Yesilpazar","slug":"yesilpazar-com-tr","cargoType":"in_a_week","platforms":["desktop","mobile","app"],"minBasketAmount":null,"deliveryFee":null,"isOffline":false},"count":2},{"merchant":{"id":14500,"name":"Organik Ali","slug":"organikali","cargoType":null,"platforms":null,"minBasketAmount":null,"deliveryFee":null,"isOffline":false},"count":2},{"merchant":{"id":16697,"name":"ofisacil","slug":"ofisacil","cargoType":null,"platforms":null,"minBasketAmount":null,"deliveryFee":null,"isOffline":false},"count":2},{"merchant":{"id":13197,"name":"Özel Beslenme","slug":"ozelbeslenme","cargoType":null,"platforms":null,"minBasketAmount":null,"deliveryFee":null,"isOffline":false},"count":1},{"merchant":{"id":16622,"name":"Bahasam","slug":"bahasam","cargoType":null,"platforms":null,"minBasketAmount":null,"deliveryFee":null,"isOffline":false},"count":1}],"specFilters":null,"current":{"category":null,"merchants":null,"brands":null,"specs":null}}},"products":[{"id":1431121,"title":"Kristal 50 kg Toz Şeker","path":"/market/toz-ve-kup-seker/en-ucuz-kristal-50-kg-toz-seker-fiyatlari,1431121","imageIds":[1897179],"brandSummary":{"id":15,"name":"Kristal","slug":"kristal"},"categorySummary":{"id":48,"name":"Toz ve Küp Şeker","nodes":[1,6,8,48]},"offerSummary":{"maxPrice":2263.01,"minPrice":950,"offerCount":2,"uniqueMerchantCount":2,"isOffline":true,"merchantName":"Tarım Kredi Kooperatifi","platforms":["desktop","mobile","app"]},"topOffers":[{"id":27258772,"productId":1431121,"merchantId":15059,"price":950,"jumpDepotId":null,"unitPrice":{"displayUnitId":6,"displayUnitName":"kg","displayUnitPrice":19,"unitPrice":0.019}}],"discountRatio":null},{"id":51432,"title":"Bal Küpü 5 kg Toz Şeker","path":"/market/toz-ve-kup-seker/en-ucuz-bal-kupu-5-kg-toz-seker-fiyatlari,51432","imageIds":[280825],"brandSummary":{"id":58427,"name":"Bal Küpü","slug":"bal-kupu"},"categorySummary":{"id":48,"name":"Toz ve Küp Şeker","nodes":[1,6,8,48]},"offerSummary":{"maxPrice":683.34,"minPrice":145.9,"offerCount":13,"uniqueMerchantCount":7,"isOffline":true,"merchantName":"Hakmarekspress","platforms":["desktop","mobile","app"]},"topOffers":[{"id":27268419,"productId":51432,"merchantId":15060,"price":145.9,"jumpDepotId":null,"unitPrice":{"displayUnitId":6,"displayUnitName":"kg","displayUnitPrice":29.18,"unitPrice":0.02918}}],"discountRatio":null},{"id":51759,"title":"Türk Şeker 50 kg Toz Şeker","path":"/market/toz-ve-kup-seker/en-ucuz-turk-seker-50-kg-toz-seker-fiyatlari,51759","imageIds":[281096],"brandSummary":{"id":51761,"name":"Türk Şeker","slug":"turk-seker"},"categorySummary":{"id":48,"name":"Toz ve Küp Şeker","nodes":[1,6,8,48]},"offerSummary":{"maxPrice":2850,"minPrice":2263.02,"offerCount":2,"uniqueMerchantCount":1,"isOffline":false,"merchantName":"PttAVM","platforms":["desktop","mobile","app"]},"topOffers":[{"id":18614003,"productId":51759,"merchantId":11512,"price":2263.02,"jumpDepotId":0,"unitPrice":{"displayUnitId":6,"displayUnitName":"kg","displayUnitPrice":45.2604,"unitPrice":0.0452604}}],"discountRatio":null},{"id":1080153,"title":"Irmak 5 kg Küp Şeker Tek Sargılı Dökme","path":"/market/toz-ve-kup-seker/en-ucuz-irmak-5-kg-kup-seker-tek-sargili-dokme-fiyatlari,1080153","imageIds":[1301795],"brandSummary":{"id":51415,"name":"Irmak","slug":"irmak"},"categorySummary":{"id":48,"name":"Toz ve Küp Şeker","nodes":[1,6,8,48]},"offerSummary":{"maxPrice":408.69,"minPrice":269.9,"offerCount":7,"uniqueMerchantCount":5,"isOffline":true,"merchantName":"Migros","platforms":["desktop","mobile","app"]},"topOffers":[{"id":30065403,"productId":1080153,"merchantId":15056,"price":269.9,"jumpDepotId":null,"unitPrice":{"displayUnitId":6,"displayUnitName":"kg","displayUnitPrice":53.98,"unitPrice":0.05397999999999999}}],"discountRatio":null},{"id":1163581,"title":"Nar 5 kg Toz Şeker","path":"/market/toz-ve-kup-seker/en-ucuz-nar-5-kg-toz-seker-fiyatlari,1163581","imageIds":[1433370],"brandSummary":{"id":39399,"name":"Nar","slug":"nar"},"categorySummary":{"id":48,"name":"Toz ve Küp Şeker","nodes":[1,6,8,48]},"offerSummary":{"maxPrice":199.95,"minPrice":179.95,"offerCount":4,"uniqueMerchantCount":4,"isOffline":false,"merchantName":"Toptan Migros","platforms":null},"topOffers":[{"id":37538467,"productId":1163581,"merchantId":16151,"price":179.95,"jumpDepotId":0,"unitPrice":{"displayUnitId":6,"displayUnitName":"kg","displayUnitPrice":35.99,"unitPrice":0.03599}}],"discountRatio":null},{"id":136774,"title":"Kayseri Şeker Kristal 50 kg Toz Şeker","path":"/market/toz-ve-kup-seker/en-ucuz-kayseri-seker-kristal-50-kg-toz-seker-fiyatlari,136774","imageIds":[323085],"brandSummary":{"id":51706,"name":"Kayseri Şeker","slug":"kayseri-seker"},"categorySummary":{"id":48,"name":"Toz ve Küp Şeker","nodes":[1,6,8,48]},"offerSummary":{"maxPrice":2496.87,"minPrice":2169.44,"offerCount":2,"uniqueMerchantCount":1,"isOffline":false,"merchantName":"PttAVM","platforms":["desktop","mobile","app"]},"topOffers":[{"id":37639509,"productId":136774,"merchantId":11512,"price":2169.44,"jumpDepotId":0,"unitPrice":{"displayUnitId":6,"displayUnitName":"kg","displayUnitPrice":43.3888,"unitPrice":0.0433888}}],"discountRatio":null},{"id":51473,"title":"Avansas 5 Kg Tek Sargılı Küp Şeker","path":"/market/toz-ve-kup-seker/en-ucuz-avansas-5-kg-tek-sargili-kup-seker-fiyatlari,51473","imageIds":[280866],"brandSummary":{"id":51459,"name":"Avansas","slug":"avansas"},"categorySummary":{"id":48,"name":"Toz ve Küp Şeker","nodes":[1,6,8,48]},"offerSummary":{"maxPrice":254.74,"minPrice":254.74,"offerCount":1,"uniqueMerchantCount":1,"isOffline":false,"merchantName":"Avansas","platforms":["desktop","mobile","app"]},"topOffers":[{"id":1280882,"productId":51473,"merchantId":2364,"price":254.74,"jumpDepotId":0,"unitPrice":{"displayUnitId":6,"displayUnitName":"kg","displayUnitPrice":50.948,"unitPrice":0.050948}}],"discountRatio":1.925001925001925},{"id":51545,"title":"Pekşeker 5 kg Tek Sargılı Kesme Şeker","path":"/market/toz-ve-kup-seker/en-ucuz-pekseker-5-kg-tek-sargili-kesme-seker-fiyatlari,51545","imageIds":[280935],"brandSummary":{"id":51424,"name":"Pekşeker","slug":"pekseker"},"categorySummary":{"id":48,"name":"Toz ve Küp Şeker","nodes":[1,6,8,48]},"offerSummary":{"maxPrice":431.91,"minPrice":286.28,"offerCount":6,"uniqueMerchantCount":5,"isOffline":false,"merchantName":"Ofisegetirelim","platforms":["desktop","mobile","app"]},"topOffers":[{"id":17813639,"productId":51545,"merchantId":10811,"price":286.28,"jumpDepotId":0,"unitPrice":{"displayUnitId":6,"displayUnitName":"kg","displayUnitPrice":57.256,"unitPrice":0.057255999999999994}}],"discountRatio":null},{"id":1115188,"title":"Mgs 1 kg 405 Adet Küp Şeker","path":"/market/toz-ve-kup-seker/en-ucuz-mgs-1-kg-405-adet-kup-seker-fiyatlari,1115188","imageIds":[190551],"brandSummary":{"id":51452,"name":"MGS","slug":"mgs"},"categorySummary":{"id":48,"name":"Toz ve Küp Şeker","nodes":[1,6,8,48]},"offerSummary":{"maxPrice":59.99,"minPrice":39,"offerCount":2,"uniqueMerchantCount":2,"isOffline":false,"merchantName":"PttAVM","platforms":["desktop","mobile","app"]},"topOffers":[{"id":34732080,"productId":1115188,"merchantId":11512,"price":39,"jumpDepotId":0,"unitPrice":{"displayUnitId":6,"displayUnitName":"kg","displayUnitPrice":39,"unitPrice":0.039}}],"discountRatio":null},{"id":51424,"title":"Irmak Stick 4 kg Şeker","path":"/market/toz-ve-kup-seker/en-ucuz-irmak-stick-4-kg-seker-fiyatlari,51424","imageIds":[280820],"brandSummary":{"id":51415,"name":"Irmak","slug":"irmak"},"categorySummary":{"id":48,"name":"Toz ve Küp Şeker","nodes":[1,6,8,48]},"offerSummary":{"maxPrice":349.9,"minPrice":283.69,"offerCount":3,"uniqueMerchantCount":3,"isOffline":false,"merchantName":"Haibrag","platforms":["desktop","mobile","app"]},"topOffers":[{"id":18600281,"productId":51424,"merchantId":11956,"price":283.69,"jumpDepotId":0,"unitPrice":{"displayUnitId":6,"displayUnitName":"kg","displayUnitPrice":70.9225,"unitPrice":0.0709225}}],"discountRatio":null},{"id":97722,"title":"Yazar 5 kg Kristal Toz Şeker","path":"/market/toz-ve-kup-seker/en-ucuz-yazar-5-kg-kristal-toz-seker-fiyatlari,97722","imageIds":[1978022],"brandSummary":{"id":4898,"name":"Yazar","slug":"yazar"},"categorySummary":{"id":48,"name":"Toz ve Küp Şeker","nodes":[1,6,8,48]},"offerSummary":{"maxPrice":1293.04,"minPrice":244.23,"offerCount":8,"uniqueMerchantCount":1,"isOffline":false,"merchantName":"PttAVM","platforms":["desktop","mobile","app"]},"topOffers":[{"id":32827855,"productId":97722,"merchantId":11512,"price":244.23,"jumpDepotId":0,"unitPrice":{"displayUnitId":6,"displayUnitName":"kg","displayUnitPrice":16.282,"unitPrice":0.016281999999999998}}],"discountRatio":9.997788915094347},{"id":810032,"title":"Başak 5 kg Toz Şeker","path":"/market/toz-ve-kup-seker/en-ucuz-basak-5-kg-toz-seker-fiyatlari,810032","imageIds":[794234],"brandSummary":{"id":34347,"name":"Başak","slug":"basak"},"categorySummary":{"id":48,"name":"Toz ve Küp Şeker","nodes":[1,6,8,48]},"offerSummary":{"maxPrice":1149,"minPrice":272.3,"offerCount":6,"uniqueMerchantCount":2,"isOffline":false,"merchantName":"PttAVM","platforms":["desktop","mobile","app"]},"topOffers":[{"id":29727778,"productId":810032,"merchantId":11512,"price":272.3,"jumpDepotId":0,"unitPrice":{"displayUnitId":6,"displayUnitName":"kg","displayUnitPrice":54.46,"unitPrice":0.05446}}],"discountRatio":null},{"id":136527,"title":"Carrefour 5 kg Toz Şeker","path":"/market/toz-ve-kup-seker/en-ucuz-carrefour-5-kg-toz-seker-fiyatlari,136527","imageIds":[322953],"brandSummary":{"id":2,"name":"Carrefour","slug":"carrefour"},"categorySummary":{"id":48,"name":"Toz ve Küp Şeker","nodes":[1,6,8,48]},"offerSummary":{"maxPrice":174.5,"minPrice":174.5,"offerCount":2,"uniqueMerchantCount":2,"isOffline":false,"merchantName":"Carrefoursa","platforms":["desktop","mobile","app"]},"topOffers":[{"id":4103538,"productId":136527,"merchantId":4512,"price":174.5,"jumpDepotId":0,"unitPrice":{"displayUnitId":6,"displayUnitName":"kg","displayUnitPrice":34.9,"unitPrice":0.0349}}],"discountRatio":null},{"id":51441,"title":"Irmak 1 kg Toz Şeker","path":"/market/toz-ve-kup-seker/en-ucuz-irmak-1-kg-toz-seker-fiyatlari,51441","imageIds":[280836],"brandSummary":{"id":51415,"name":"Irmak","slug":"irmak"},"categorySummary":{"id":48,"name":"Toz ve Küp Şeker","nodes":[1,6,8,48]},"offerSummary":{"maxPrice":115.65,"minPrice":26.9,"offerCount":7,"uniqueMerchantCount":7,"isOffline":true,"merchantName":"Carrefour","platforms":["desktop","mobile","app"]},"topOffers":[{"id":27239809,"productId":51441,"merchantId":15058,"price":26.9,"jumpDepotId":null,"unitPrice":{"displayUnitId":6,"displayUnitName":"kg","displayUnitPrice":26.9,"unitPrice":0.0269}}],"discountRatio":null},{"id":810040,"title":"Nar 1 kg Küp Şeker","path":"/market/toz-ve-kup-seker/en-ucuz-nar-1-kg-kup-seker-fiyatlari,810040","imageIds":[765696],"brandSummary":{"id":39399,"name":"Nar","slug":"nar"},"categorySummary":{"id":48,"name":"Toz ve Küp Şeker","nodes":[1,6,8,48]},"offerSummary":{"maxPrice":80.18,"minPrice":47.5,"offerCount":4,"uniqueMerchantCount":4,"isOffline":false,"merchantName":"Getir Büyük","platforms":null},"topOffers":[{"id":34550664,"productId":810040,"merchantId":16743,"price":47.5,"jumpDepotId":0,"unitPrice":{"displayUnitId":6,"displayUnitName":"kg","displayUnitPrice":47.5,"unitPrice":0.0475}}],"discountRatio":null},{"id":1414723,"title":"Bal Küpü 3 kg Kristal Şeker","path":"/market/toz-ve-kup-seker/en-ucuz-bal-kupu-3-kg-kristal-seker-fiyatlari,1414723","imageIds":[1866271],"brandSummary":{"id":58427,"name":"Bal Küpü","slug":"bal-kupu"},"categorySummary":{"id":48,"name":"Toz ve Küp Şeker","nodes":[1,6,8,48]},"offerSummary":{"maxPrice":376.2,"minPrice":109.9,"offerCount":13,"uniqueMerchantCount":8,"isOffline":true,"merchantName":"Carrefour","platforms":["desktop","mobile","app"]},"topOffers":[{"id":27245097,"productId":1414723,"merchantId":15058,"price":109.9,"jumpDepotId":null,"unitPrice":null}],"discountRatio":null},{"id":51444,"title":"Pekşeker 5 kg Toz Şeker","path":"/market/toz-ve-kup-seker/en-ucuz-pekseker-5-kg-toz-seker-fiyatlari,51444","imageIds":[280839],"brandSummary":{"id":51424,"name":"Pekşeker","slug":"pekseker"},"categorySummary":{"id":48,"name":"Toz ve Küp Şeker","nodes":[1,6,8,48]},"offerSummary":{"maxPrice":314.91,"minPrice":145.9,"offerCount":2,"uniqueMerchantCount":2,"isOffline":true,"merchantName":"Hakmarekspress","platforms":["desktop","mobile","app"]},"topOffers":[{"id":27263487,"productId":51444,"merchantId":15060,"price":145.9,"jumpDepotId":null,"unitPrice":{"displayUnitId":6,"displayUnitName":"kg","displayUnitPrice":29.18,"unitPrice":0.02918}}],"discountRatio":2.1745208288030815},{"id":1162925,"title":"Gül Aras 405 Adet 1 kg Küp Şeker","path":"/market/toz-ve-kup-seker/en-ucuz-gul-aras-405-adet-1-kg-kup-seker-fiyatlari,1162925","imageIds":[1434908],"brandSummary":{"id":439850,"name":"Gül Aras","slug":"gul-aras"},"categorySummary":{"id":48,"name":"Toz ve Küp Şeker","nodes":[1,6,8,48]},"offerSummary":{"maxPrice":31,"minPrice":31,"offerCount":1,"uniqueMerchantCount":1,"isOffline":true,"merchantName":"Şok","platforms":["desktop","mobile","app"]},"topOffers":[{"id":27204105,"productId":1162925,"merchantId":15057,"price":31,"jumpDepotId":null,"unitPrice":{"displayUnitId":6,"displayUnitName":"kg","displayUnitPrice":31,"unitPrice":0.031}}],"discountRatio":null},{"id":1063359,"title":"Hanzade Bitkisel 1 kg Esmer Toz Şeker","path":"/market/toz-ve-kup-seker/en-ucuz-hanzade-bitkisel-1-kg-esmer-toz-seker-fiyatlari,1063359","imageIds":[1264017],"brandSummary":{"id":446211,"name":"Hanzade Bitkisel","slug":"hanzade-bitkisel"},"categorySummary":{"id":48,"name":"Toz ve Küp Şeker","nodes":[1,6,8,48]},"offerSummary":{"maxPrice":499,"minPrice":54,"offerCount":4,"uniqueMerchantCount":1,"isOffline":false,"merchantName":"Ebitkisel","platforms":["desktop","mobile","app"]},"topOffers":[{"id":27357925,"productId":1063359,"merchantId":11967,"price":54,"jumpDepotId":0,"unitPrice":{"displayUnitId":6,"displayUnitName":"kg","displayUnitPrice":54,"unitPrice":0.054}}],"discountRatio":null},{"id":51527,"title":"Mgs Fişek 4 kg Toz Şeker","path":"/market/toz-ve-kup-seker/en-ucuz-mgs-fisek-4-kg-toz-seker-fiyatlari,51527","imageIds":[329443],"brandSummary":{"id":51452,"name":"MGS","slug":"mgs"},"categorySummary":{"id":48,"name":"Toz ve Küp Şeker","nodes":[1,6,8,48]},"offerSummary":{"maxPrice":618.83,"minPrice":298.96,"offerCount":3,"uniqueMerchantCount":2,"isOffline":false,"merchantName":"Pekgross","platforms":null},"topOffers":[{"id":20332766,"productId":51527,"merchantId":14768,"price":298.96,"jumpDepotId":0,"unitPrice":{"displayUnitId":6,"displayUnitName":"kg","displayUnitPrice":74.74,"unitPrice":0.07474}}],"discountRatio":null},{"id":51549,"title":"Petek 5000 gr Toz Şeker","path":"/market/toz-ve-kup-seker/en-ucuz-petek-5000-gr-toz-seker-fiyatlari,51549","imageIds":[280932],"brandSummary":{"id":13596,"name":"Petek","slug":"petek"},"categorySummary":{"id":48,"name":"Toz ve Küp Şeker","nodes":[1,6,8,48]},"offerSummary":{"maxPrice":174.5,"minPrice":174.5,"offerCount":1,"uniqueMerchantCount":1,"isOffline":true,"merchantName":"a101","platforms":["desktop","mobile","app"]},"topOffers":[{"id":27219227,"productId":51549,"merchantId":15055,"price":174.5,"jumpDepotId":null,"unitPrice":{"displayUnitId":6,"displayUnitName":"kg","displayUnitPrice":34.9,"unitPrice":0.0349}}],"discountRatio":null},{"id":51442,"title":"Doğuş 5 kg Toz Şeker","path":"/market/toz-ve-kup-seker/en-ucuz-dogus-5-kg-toz-seker-fiyatlari,51442","imageIds":[280837,280844],"brandSummary":{"id":17333,"name":"Doğuş","slug":"dogus"},"categorySummary":{"id":48,"name":"Toz ve Küp Şeker","nodes":[1,6,8,48]},"offerSummary":{"maxPrice":331.12,"minPrice":199,"offerCount":3,"uniqueMerchantCount":3,"isOffline":true,"merchantName":"a101","platforms":["desktop","mobile","app"]},"topOffers":[{"id":27299005,"productId":51442,"merchantId":15055,"price":199,"jumpDepotId":null,"unitPrice":{"displayUnitId":6,"displayUnitName":"kg","displayUnitPrice":39.8,"unitPrice":0.0398}}],"discountRatio":null},{"id":949250,"title":"Bor Şeker 5 kg Toz Şeker","path":"/market/toz-ve-kup-seker/en-ucuz-bor-seker-5-kg-toz-seker-fiyatlari,949250","imageIds":[1094967],"brandSummary":{"id":446525,"name":"Bor Şeker","slug":"bor-seker"},"categorySummary":{"id":48,"name":"Toz ve Küp Şeker","nodes":[1,6,8,48]},"offerSummary":{"maxPrice":199.95,"minPrice":180,"offerCount":4,"uniqueMerchantCount":4,"isOffline":true,"merchantName":"a101","platforms":["desktop","mobile","app"]},"topOffers":[{"id":27220304,"productId":949250,"merchantId":15055,"price":180,"jumpDepotId":null,"unitPrice":{"displayUnitId":6,"displayUnitName":"kg","displayUnitPrice":36,"unitPrice":0.036}}],"discountRatio":5.0012503125781445},{"id":411173,"title":"Yazar 5 kg Kristal Toz Şeker + 5 kg Pastalık Böreklik Un","path":"/market/toz-ve-kup-seker/en-ucuz-yazar-5-kg-kristal-toz-seker-5-kg-pastalik-boreklik-un-fiyatlari,411173","imageIds":[229821],"brandSummary":{"id":4898,"name":"Yazar","slug":"yazar"},"categorySummary":{"id":48,"name":"Toz ve Küp Şeker","nodes":[1,6,8,48]},"offerSummary":{"maxPrice":409.85,"minPrice":409.85,"offerCount":1,"uniqueMerchantCount":1,"isOffline":false,"merchantName":"PttAVM","platforms":["desktop","mobile","app"]},"topOffers":[{"id":32827891,"productId":411173,"merchantId":11512,"price":409.85,"jumpDepotId":0,"unitPrice":{"displayUnitId":6,"displayUnitName":"kg","displayUnitPrice":81.97,"unitPrice":0.08197}}],"discountRatio":10.00021959199806},{"id":1080154,"title":"Mgs 750 gr Tek Sarma Küp Şeker Poşet","path":"/market/toz-ve-kup-seker/en-ucuz-mgs-750-gr-tek-sarma-kup-seker-poset-fiyatlari,1080154","imageIds":[1301796],"brandSummary":{"id":51452,"name":"MGS","slug":"mgs"},"categorySummary":{"id":48,"name":"Toz ve Küp Şeker","nodes":[1,6,8,48]},"offerSummary":{"maxPrice":89.23,"minPrice":89.23,"offerCount":1,"uniqueMerchantCount":1,"isOffline":false,"merchantName":"PttAVM","platforms":["desktop","mobile","app"]},"topOffers":[{"id":27820605,"productId":1080154,"merchantId":11512,"price":89.23,"jumpDepotId":0,"unitPrice":{"displayUnitId":6,"displayUnitName":"kg","displayUnitPrice":118.97333,"unitPrice":0.11897333333333333}}],"discountRatio":null},{"id":1161446,"title":"Şafak 5 kg Toz Şeker","path":"/market/toz-ve-kup-seker/en-ucuz-safak-5-kg-toz-seker-fiyatlari,1161446","imageIds":[1432047],"brandSummary":{"id":442268,"name":"Şafak","slug":"safak"},"categorySummary":{"id":48,"name":"Toz ve Küp Şeker","nodes":[1,6,8,48]},"offerSummary":{"maxPrice":546.67,"minPrice":174.5,"offerCount":2,"uniqueMerchantCount":2,"isOffline":true,"merchantName":"Bim","platforms":["desktop","mobile","app"]},"topOffers":[{"id":27206224,"productId":1161446,"merchantId":15054,"price":174.5,"jumpDepotId":null,"unitPrice":{"displayUnitId":6,"displayUnitName":"kg","displayUnitPrice":34.9,"unitPrice":0.0349}}],"discountRatio":null},{"id":877003,"title":"Merpak 2000'li 3 gram Kırmızı Beyaz Baskılı Stick Toz Şeker","path":"/market/toz-ve-kup-seker/en-ucuz-merpak-2000-li-3-gram-kirmizi-beyaz-baskili-stick-toz-seker-fiyatlari,877003","imageIds":[922136],"brandSummary":{"id":442857,"name":"Merpak","slug":"merpak"},"categorySummary":{"id":48,"name":"Toz ve Küp Şeker","nodes":[1,6,8,48]},"offerSummary":{"maxPrice":329.9,"minPrice":329.9,"offerCount":1,"uniqueMerchantCount":1,"isOffline":false,"merchantName":"Amazon","platforms":["desktop","mobile","app"]},"topOffers":[{"id":10412618,"productId":877003,"merchantId":10370,"price":329.9,"jumpDepotId":0,"unitPrice":{"displayUnitId":6,"displayUnitName":"kg","displayUnitPrice":54.98333,"unitPrice":0.05498333333333333}}],"discountRatio":null},{"id":129119,"title":"Türk Şeker Kristal Toz Şeker 5 kg","path":"/market/toz-ve-kup-seker/en-ucuz-turk-seker-kristal-toz-seker-5-kg-fiyatlari,129119","imageIds":[1563238],"brandSummary":{"id":51761,"name":"Türk Şeker","slug":"turk-seker"},"categorySummary":{"id":48,"name":"Toz ve Küp Şeker","nodes":[1,6,8,48]},"offerSummary":{"maxPrice":433.62,"minPrice":168.5,"offerCount":2,"uniqueMerchantCount":2,"isOffline":true,"merchantName":"Tarım Kredi Kooperatifi","platforms":["desktop","mobile","app"]},"topOffers":[{"id":27259123,"productId":129119,"merchantId":15059,"price":168.5,"jumpDepotId":null,"unitPrice":{"displayUnitId":6,"displayUnitName":"kg","displayUnitPrice":33.7,"unitPrice":0.0337}}],"discountRatio":null},{"id":540588,"title":"Bal Küpü Küp Şeker 1 kg","path":"/market/toz-ve-kup-seker/en-ucuz-bal-kupu-kup-seker-1-kg-fiyatlari,540588","imageIds":[507116],"brandSummary":{"id":58427,"name":"Bal Küpü","slug":"bal-kupu"},"categorySummary":{"id":48,"name":"Toz ve Küp Şeker","nodes":[1,6,8,48]},"offerSummary":{"maxPrice":1366.68,"minPrice":48,"offerCount":18,"uniqueMerchantCount":8,"isOffline":true,"merchantName":"a101","platforms":["desktop","mobile","app"]},"topOffers":[{"id":27298650,"productId":540588,"merchantId":15055,"price":48,"jumpDepotId":null,"unitPrice":{"displayUnitId":6,"displayUnitName":"kg","displayUnitPrice":2.4,"unitPrice":0.0024}}],"discountRatio":null},{"id":932540,"title":"Bor Şeker 2 kg Toz Şeker","path":"/market/toz-ve-kup-seker/en-ucuz-bor-seker-2-kg-toz-seker-fiyatlari,932540","imageIds":[985683],"brandSummary":{"id":446525,"name":"Bor Şeker","slug":"bor-seker"},"categorySummary":{"id":48,"name":"Toz ve Küp Şeker","nodes":[1,6,8,48]},"offerSummary":{"maxPrice":85.9,"minPrice":69.9,"offerCount":4,"uniqueMerchantCount":4,"isOffline":true,"merchantName":"a101","platforms":["desktop","mobile","app"]},"topOffers":[{"id":28732331,"productId":932540,"merchantId":15055,"price":69.9,"jumpDepotId":null,"unitPrice":{"displayUnitId":6,"displayUnitName":"kg","displayUnitPrice":34.95,"unitPrice":0.03495}}],"discountRatio":null},{"id":51416,"title":"Irmak 5 kg Toz Şeker","path":"/market/toz-ve-kup-seker/en-ucuz-irmak-5-kg-toz-seker-fiyatlari,51416","imageIds":[280824],"brandSummary":{"id":51415,"name":"Irmak","slug":"irmak"},"categorySummary":{"id":48,"name":"Toz ve Küp Şeker","nodes":[1,6,8,48]},"offerSummary":{"maxPrice":433.62,"minPrice":145.9,"offerCount":7,"uniqueMerchantCount":6,"isOffline":true,"merchantName":"Hakmarekspress","platforms":["desktop","mobile","app"]},"topOffers":[{"id":27267456,"productId":51416,"merchantId":15060,"price":145.9,"jumpDepotId":null,"unitPrice":{"displayUnitId":6,"displayUnitName":"kg","displayUnitPrice":29.18,"unitPrice":0.02918}}],"discountRatio":4.035658997491059},{"id":1509164,"title":"TOS The Organic Spices 500 gr Esmer Kahverengi Şeker","path":"/market/toz-ve-kup-seker/en-ucuz-tos-the-organic-spices-500-gr-esmer-kahverengi-seker-fiyatlari,1509164","imageIds":[1987698],"brandSummary":{"id":473166,"name":"TOS The Organic Spices","slug":"tos-the-organic-spices"},"categorySummary":{"id":48,"name":"Toz ve Küp Şeker","nodes":[1,6,8,48]},"offerSummary":{"maxPrice":271.82,"minPrice":271.82,"offerCount":1,"uniqueMerchantCount":1,"isOffline":false,"merchantName":"PttAVM","platforms":["desktop","mobile","app"]},"topOffers":[{"id":34770372,"productId":1509164,"merchantId":11512,"price":271.82,"jumpDepotId":0,"unitPrice":null}],"discountRatio":null}],"pageType":"SEARCH","userAgent":"Mozilla/5.0 (Macintosh; Intel Mac OS X 10_15_7) AppleWebKit/537.36 (KHTML, like Gecko) Chrome/131.0.0.0 Safari/537.36","referer":"https://www.cimri.com/market","curl":null,"breadCrumbs":[{"id":null,"name":"Cimri","path":"","breadCrumbType":"Root"},{"id":1,"name":"Market Anasayfa","path":"/market","breadCrumbType":"MainPage"}],"seo":{"meta":{"h1":"\"şeker\"","h2":"\"şeker\" arama sonuçları","metaTitle":"şeker Fiyat ve Çeşitleri","metaDescription":"şeker Fiyatları - şeker Özellikleri ve Çeşitleri Cimri’ de! şeker En Ucuz Fiyat Avantajı ve İndirim Seçenekleri Cimri.com’ da."},"wikibox":"\u003cstrong\u003eşeker\u003c/strong\u003e fiyatları ve özelliklerini karşılaştır kategori \u0026 marka ayrıştırması ile en uygun şeker fiyat avantajını yakala! Cimri.com'da senin için 2398 adet şeker ürünü bulduk. şeker kategorisinde en favori  ve diğer kategorilerinden birini tercih edip filtre seçimleriyle birlikte şeker mağaza fiyatları ve şeker ürün özellikleri incele!","seoContent":null,"faqs":[],"tags":[],"bullet":null},"cimriNumFound":139742,"platform":"desktop","popularSearch":[{"name":"Ayçiçek Yağı","url":"https://www.cimri.com/market/sivi-yag-ve-zeytinyagi"},{"name":"Tuvalet Kağıdı","url":"https://www.cimri.com/market/tuvalet-kagidi"},{"name":"Şeker","url":"https://www.cimri.com/market/toz-ve-kup-seker"},{"name":"Un","url":"https://www.cimri.com/market/un-ve-irmik"},{"name":"Çay","url":"https://www.cimri.com/market/cay"},{"name":"Kahve","url":"https://www.cimri.com/market/kahve"},{"name":"Bulaşık Deterjanı","url":"https://www.cimri.com/market/bulasik-deterjani"},{"name":"Çamaşır Deterjanı","url":"https://www.cimri.com/market/camasir-deterjani"}],"isDesktopDevice":true,"isBot":false,"index":false,"amazonTraceId":"Root=1-67924f1d-0d77d3bf6714e6272efcb2db","browser":"Chrome"}},"page":"/search","query":{"platform":"desktop","userAgent":"Mozilla/5.0 (Macintosh; Intel Mac OS X 10_15_7) AppleWebKit/537.36 (KHTML, like Gecko) Chrome/131.0.0.0 Safari/537.36","isVoyager":false,"isDesktopDevice":true,"isBot":false,"isMarket":true,"data":{"pageType":"SEARCH","realPageType":"SEARCH","uri":"/market/arama?q=%C5%9Feker","canonical":null,"mainCategoryId":null,"breadCrumbs":[{"id":null,"name":"Cimri","path":"","breadCrumbType":"Root"},{"id":1,"name":"Market Anasayfa","path":"/market","breadCrumbType":"MainPage"}],"redirect":null,"index":false,"data":{"cimriSearchQuery":{"status":200,"success":{"numFound":139742}},"popularSearch":{"status":200,"success":{"popularSearch":[{"name":"Ayçiçek Yağı","url":"https://www.cimri.com/market/sivi-yag-ve-zeytinyagi"},{"name":"Tuvalet Kağıdı","url":"https://www.cimri.com/market/tuvalet-kagidi"},{"name":"Şeker","url":"https://www.cimri.com/market/toz-ve-kup-seker"},{"name":"Un","url":"https://www.cimri.com/market/un-ve-irmik"},{"name":"Çay","url":"https://www.cimri.com/market/cay"},{"name":"Kahve","url":"https://www.cimri.com/market/kahve"},{"name":"Bulaşık Deterjanı","url":"https://www.cimri.com/market/bulasik-deterjani"},{"name":"Çamaşır Deterjanı","url":"https://www.cimri.com/market/camasir-deterjani"}]}},"productServiceSearchWithSeoQuery":{"status":200,"success":{"query":{"page":1,"limit":32,"filterLimit":250,"maybeKeyword":"şeker","maybeAddressIds":null,"maybeCategoryId":null,"maybeBrandIds":null,"maybeMerchantIds":null,"maybeSpecs":null,"maybeSort":null,"maybeOnlyOffline":null},"numFound":2398,"offlineNumFound":482,"onlineNumFound":2102,"products":[{"id":1431121,"title":"Kristal 50 kg Toz Şeker","path":"/market/toz-ve-kup-seker/en-ucuz-kristal-50-kg-toz-seker-fiyatlari,1431121","imageIds":[1897179],"brandSummary":{"id":15,"name":"Kristal","slug":"kristal"},"categorySummary":{"id":48,"name":"Toz ve Küp Şeker","nodes":[1,6,8,48]},"offerSummary":{"maxPrice":2263.01,"minPrice":950,"offerCount":2,"uniqueMerchantCount":2},"topOffers":[{"id":27258772,"productId":1431121,"merchantId":15059,"price":950,"jumpDepotId":null,"unitPrice":{"displayUnitId":6,"displayUnitName":"kg","displayUnitPrice":19,"unitPrice":0.019}}],"discountRatio":null},{"id":51432,"title":"Bal Küpü 5 kg Toz Şeker","path":"/market/toz-ve-kup-seker/en-ucuz-bal-kupu-5-kg-toz-seker-fiyatlari,51432","imageIds":[280825],"brandSummary":{"id":58427,"name":"Bal Küpü","slug":"bal-kupu"},"categorySummary":{"id":48,"name":"Toz ve Küp Şeker","nodes":[1,6,8,48]},"offerSummary":{"maxPrice":683.34,"minPrice":145.9,"offerCount":13,"uniqueMerchantCount":7},"topOffers":[{"id":27268419,"productId":51432,"merchantId":15060,"price":145.9,"jumpDepotId":null,"unitPrice":{"displayUnitId":6,"displayUnitName":"kg","displayUnitPrice":29.18,"unitPrice":0.02918}}],"discountRatio":null},{"id":51759,"title":"Türk Şeker 50 kg Toz Şeker","path":"/market/toz-ve-kup-seker/en-ucuz-turk-seker-50-kg-toz-seker-fiyatlari,51759","imageIds":[281096],"brandSummary":{"id":51761,"name":"Türk Şeker","slug":"turk-seker"},"categorySummary":{"id":48,"name":"Toz ve Küp Şeker","nodes":[1,6,8,48]},"offerSummary":{"maxPrice":2850,"minPrice":2263.02,"offerCount":2,"uniqueMerchantCount":1},"topOffers":[{"id":18614003,"productId":51759,"merchantId":11512,"price":2263.02,"jumpDepotId":0,"unitPrice":{"displayUnitId":6,"displayUnitName":"kg","displayUnitPrice":45.2604,"unitPrice":0.0452604}}],"discountRatio":null},{"id":1080153,"title":"Irmak 5 kg Küp Şeker Tek Sargılı Dökme","path":"/market/toz-ve-kup-seker/en-ucuz-irmak-5-kg-kup-seker-tek-sargili-dokme-fiyatlari,1080153","imageIds":[1301795],"brandSummary":{"id":51415,"name":"Irmak","slug":"irmak"},"categorySummary":{"id":48,"name":"Toz ve Küp Şeker","nodes":[1,6,8,48]},"offerSummary":{"maxPrice":408.69,"minPrice":269.9,"offerCount":7,"uniqueMerchantCount":5},"topOffers":[{"id":30065403,"productId":1080153,"merchantId":15056,"price":269.9,"jumpDepotId":null,"unitPrice":{"displayUnitId":6,"displayUnitName":"kg","displayUnitPrice":53.98,"unitPrice":0.05397999999999999}}],"discountRatio":null},{"id":1163581,"title":"Nar 5 kg Toz Şeker","path":"/market/toz-ve-kup-seker/en-ucuz-nar-5-kg-toz-seker-fiyatlari,1163581","imageIds":[1433370],"brandSummary":{"id":39399,"name":"Nar","slug":"nar"},"categorySummary":{"id":48,"name":"Toz ve Küp Şeker","nodes":[1,6,8,48]},"offerSummary":{"maxPrice":199.95,"minPrice":179.95,"offerCount":4,"uniqueMerchantCount":4},"topOffers":[{"id":37538467,"productId":1163581,"merchantId":16151,"price":179.95,"jumpDepotId":0,"unitPrice":{"displayUnitId":6,"displayUnitName":"kg","displayUnitPrice":35.99,"unitPrice":0.03599}}],"discountRatio":null},{"id":136774,"title":"Kayseri Şeker Kristal 50 kg Toz Şeker","path":"/market/toz-ve-kup-seker/en-ucuz-kayseri-seker-kristal-50-kg-toz-seker-fiyatlari,136774","imageIds":[323085],"brandSummary":{"id":51706,"name":"Kayseri Şeker","slug":"kayseri-seker"},"categorySummary":{"id":48,"name":"Toz ve Küp Şeker","nodes":[1,6,8,48]},"offerSummary":{"maxPrice":2496.87,"minPrice":2169.44,"offerCount":2,"uniqueMerchantCount":1},"topOffers":[{"id":37639509,"productId":136774,"merchantId":11512,"price":2169.44,"jumpDepotId":0,"unitPrice":{"displayUnitId":6,"displayUnitName":"kg","displayUnitPrice":43.3888,"unitPrice":0.0433888}}],"discountRatio":null},{"id":51473,"title":"Avansas 5 Kg Tek Sargılı Küp Şeker","path":"/market/toz-ve-kup-seker/en-ucuz-avansas-5-kg-tek-sargili-kup-seker-fiyatlari,51473","imageIds":[280866],"brandSummary":{"id":51459,"name":"Avansas","slug":"avansas"},"categorySummary":{"id":48,"name":"Toz ve Küp Şeker","nodes":[1,6,8,48]},"offerSummary":{"maxPrice":254.74,"minPrice":254.74,"offerCount":1,"uniqueMerchantCount":1},"topOffers":[{"id":1280882,"productId":51473,"merchantId":2364,"price":254.74,"jumpDepotId":0,"unitPrice":{"displayUnitId":6,"displayUnitName":"kg","displayUnitPrice":50.948,"unitPrice":0.050948}}],"discountRatio":1.925001925001925},{"id":51545,"title":"Pekşeker 5 kg Tek Sargılı Kesme Şeker","path":"/market/toz-ve-kup-seker/en-ucuz-pekseker-5-kg-tek-sargili-kesme-seker-fiyatlari,51545","imageIds":[280935],"brandSummary":{"id":51424,"name":"Pekşeker","slug":"pekseker"},"categorySummary":{"id":48,"name":"Toz ve Küp Şeker","nodes":[1,6,8,48]},"offerSummary":{"maxPrice":431.91,"minPrice":286.28,"offerCount":6,"uniqueMerchantCount":5},"topOffers":[{"id":17813639,"productId":51545,"merchantId":10811,"price":286.28,"jumpDepotId":0,"unitPrice":{"displayUnitId":6,"displayUnitName":"kg","displayUnitPrice":57.256,"unitPrice":0.057255999999999994}}],"discountRatio":null},{"id":1115188,"title":"Mgs 1 kg 405 Adet Küp Şeker","path":"/market/toz-ve-kup-seker/en-ucuz-mgs-1-kg-405-adet-kup-seker-fiyatlari,1115188","imageIds":[190551],"brandSummary":{"id":51452,"name":"MGS","slug":"mgs"},"categorySummary":{"id":48,"name":"Toz ve Küp Şeker","nodes":[1,6,8,48]},"offerSummary":{"maxPrice":59.99,"minPrice":39,"offerCount":2,"uniqueMerchantCount":2},"topOffers":[{"id":34732080,"productId":1115188,"merchantId":11512,"price":39,"jumpDepotId":0,"unitPrice":{"displayUnitId":6,"displayUnitName":"kg","displayUnitPrice":39,"unitPrice":0.039}}],"discountRatio":null},{"id":51424,"title":"Irmak Stick 4 kg Şeker","path":"/market/toz-ve-kup-seker/en-ucuz-irmak-stick-4-kg-seker-fiyatlari,51424","imageIds":[280820],"brandSummary":{"id":51415,"name":"Irmak","slug":"irmak"},"categorySummary":{"id":48,"name":"Toz ve Küp Şeker","nodes":[1,6,8,48]},"offerSummary":{"maxPrice":349.9,"minPrice":283.69,"offerCount":3,"uniqueMerchantCount":3},"topOffers":[{"id":18600281,"productId":51424,"merchantId":11956,"price":283.69,"jumpDepotId":0,"unitPrice":{"displayUnitId":6,"displayUnitName":"kg","displayUnitPrice":70.9225,"unitPrice":0.0709225}}],"discountRatio":null},{"id":97722,"title":"Yazar 5 kg Kristal Toz Şeker","path":"/market/toz-ve-kup-seker/en-ucuz-yazar-5-kg-kristal-toz-seker-fiyatlari,97722","imageIds":[1978022],"brandSummary":{"id":4898,"name":"Yazar","slug":"yazar"},"categorySummary":{"id":48,"name":"Toz ve Küp Şeker","nodes":[1,6,8,48]},"offerSummary":{"maxPrice":1293.04,"minPrice":244.23,"offerCount":8,"uniqueMerchantCount":1},"topOffers":[{"id":32827855,"productId":97722,"merchantId":11512,"price":244.23,"jumpDepotId":0,"unitPrice":{"displayUnitId":6,"displayUnitName":"kg","displayUnitPrice":16.282,"unitPrice":0.016281999999999998}}],"discountRatio":9.997788915094347},{"id":810032,"title":"Başak 5 kg Toz Şeker","path":"/market/toz-ve-kup-seker/en-ucuz-basak-5-kg-toz-seker-fiyatlari,810032","imageIds":[794234],"brandSummary":{"id":34347,"name":"Başak","slug":"basak"},"categorySummary":{"id":48,"name":"Toz ve Küp Şeker","nodes":[1,6,8,48]},"offerSummary":{"maxPrice":1149,"minPrice":272.3,"offerCount":6,"uniqueMerchantCount":2},"topOffers":[{"id":29727778,"productId":810032,"merchantId":11512,"price":272.3,"jumpDepotId":0,"unitPrice":{"displayUnitId":6,"displayUnitName":"kg","displayUnitPrice":54.46,"unitPrice":0.05446}}],"discountRatio":null},{"id":136527,"title":"Carrefour 5 kg Toz Şeker","path":"/market/toz-ve-kup-seker/en-ucuz-carrefour-5-kg-toz-seker-fiyatlari,136527","imageIds":[322953],"brandSummary":{"id":2,"name":"Carrefour","slug":"carrefour"},"categorySummary":{"id":48,"name":"Toz ve Küp Şeker","nodes":[1,6,8,48]},"offerSummary":{"maxPrice":174.5,"minPrice":174.5,"offerCount":2,"uniqueMerchantCount":2},"topOffers":[{"id":4103538,"productId":136527,"merchantId":4512,"price":174.5,"jumpDepotId":0,"unitPrice":{"displayUnitId":6,"displayUnitName":"kg","displayUnitPrice":34.9,"unitPrice":0.0349}}],"discountRatio":null},{"id":51441,"title":"Irmak 1 kg Toz Şeker","path":"/market/toz-ve-kup-seker/en-ucuz-irmak-1-kg-toz-seker-fiyatlari,51441","imageIds":[280836],"brandSummary":{"id":51415,"name":"Irmak","slug":"irmak"},"categorySummary":{"id":48,"name":"Toz ve Küp Şeker","nodes":[1,6,8,48]},"offerSummary":{"maxPrice":115.65,"minPrice":26.9,"offerCount":7,"uniqueMerchantCount":7},"topOffers":[{"id":27239809,"productId":51441,"merchantId":15058,"price":26.9,"jumpDepotId":null,"unitPrice":{"displayUnitId":6,"displayUnitName":"kg","displayUnitPrice":26.9,"unitPrice":0.0269}}],"discountRatio":null},{"id":810040,"title":"Nar 1 kg Küp Şeker","path":"/market/toz-ve-kup-seker/en-ucuz-nar-1-kg-kup-seker-fiyatlari,810040","imageIds":[765696],"brandSummary":{"id":39399,"name":"Nar","slug":"nar"},"categorySummary":{"id":48,"name":"Toz ve Küp Şeker","nodes":[1,6,8,48]},"offerSummary":{"maxPrice":80.18,"minPrice":47.5,"offerCount":4,"uniqueMerchantCount":4},"topOffers":[{"id":34550664,"productId":810040,"merchantId":16743,"price":47.5,"jumpDepotId":0,"unitPrice":{"displayUnitId":6,"displayUnitName":"kg","displayUnitPrice":47.5,"unitPrice":0.0475}}],"discountRatio":null},{"id":1414723,"title":"Bal Küpü 3 kg Kristal Şeker","path":"/market/toz-ve-kup-seker/en-ucuz-bal-kupu-3-kg-kristal-seker-fiyatlari,1414723","imageIds":[1866271],"brandSummary":{"id":58427,"name":"Bal Küpü","slug":"bal-kupu"},"categorySummary":{"id":48,"name":"Toz ve Küp Şeker","nodes":[1,6,8,48]},"offerSummary":{"maxPrice":376.2,"minPrice":109.9,"offerCount":13,"uniqueMerchantCount":8},"topOffers":[{"id":27245097,"productId":1414723,"merchantId":15058,"price":109.9,"jumpDepotId":null,"unitPrice":null}],"discountRatio":null},{"id":51444,"title":"Pekşeker 5 kg Toz Şeker","path":"/market/toz-ve-kup-seker/en-ucuz-pekseker-5-kg-toz-seker-fiyatlari,51444","imageIds":[280839],"brandSummary":{"id":51424,"name":"Pekşeker","slug":"pekseker"},"categorySummary":{"id":48,"name":"Toz ve Küp Şeker","nodes":[1,6,8,48]},"offerSummary":{"maxPrice":314.91,"minPrice":145.9,"offerCount":2,"uniqueMerchantCount":2},"topOffers":[{"id":27263487,"productId":51444,"merchantId":15060,"price":145.9,"jumpDepotId":null,"unitPrice":{"displayUnitId":6,"displayUnitName":"kg","displayUnitPrice":29.18,"unitPrice":0.02918}}],"discountRatio":2.1745208288030815},{"id":1162925,"title":"Gül Aras 405 Adet 1 kg Küp Şeker","path":"/market/toz-ve-kup-seker/en-ucuz-gul-aras-405-adet-1-kg-kup-seker-fiyatlari,1162925","imageIds":[1434908],"brandSummary":{"id":439850,"name":"Gül Aras","slug":"gul-aras"},"categorySummary":{"id":48,"name":"Toz ve Küp Şeker","nodes":[1,6,8,48]},"offerSummary":{"maxPrice":31,"minPrice":31,"offerCount":1,"uniqueMerchantCount":1},"topOffers":[{"id":27204105,"productId":1162925,"merchantId":15057,"price":31,"jumpDepotId":null,"unitPrice":{"displayUnitId":6,"displayUnitName":"kg","displayUnitPrice":31,"unitPrice":0.031}}],"discountRatio":null},{"id":1063359,"title":"Hanzade Bitkisel 1 kg Esmer Toz Şeker","path":"/market/toz-ve-kup-seker/en-ucuz-hanzade-bitkisel-1-kg-esmer-toz-seker-fiyatlari,1063359","imageIds":[1264017],"brandSummary":{"id":446211,"name":"Hanzade Bitkisel","slug":"hanzade-bitkisel"},"categorySummary":{"id":48,"name":"Toz ve Küp Şeker","nodes":[1,6,8,48]},"offerSummary":{"maxPrice":499,"minPrice":54,"offerCount":4,"uniqueMerchantCount":1},"topOffers":[{"id":27357925,"productId":1063359,"merchantId":11967,"price":54,"jumpDepotId":0,"unitPrice":{"displayUnitId":6,"displayUnitName":"kg","displayUnitPrice":54,"unitPrice":0.054}}],"discountRatio":null},{"id":51527,"title":"Mgs Fişek 4 kg Toz Şeker","path":"/market/toz-ve-kup-seker/en-ucuz-mgs-fisek-4-kg-toz-seker-fiyatlari,51527","imageIds":[329443],"brandSummary":{"id":51452,"name":"MGS","slug":"mgs"},"categorySummary":{"id":48,"name":"Toz ve Küp Şeker","nodes":[1,6,8,48]},"offerSummary":{"maxPrice":618.83,"minPrice":298.96,"offerCount":3,"uniqueMerchantCount":2},"topOffers":[{"id":20332766,"productId":51527,"merchantId":14768,"price":298.96,"jumpDepotId":0,"unitPrice":{"displayUnitId":6,"displayUnitName":"kg","displayUnitPrice":74.74,"unitPrice":0.07474}}],"discountRatio":null},{"id":51549,"title":"Petek 5000 gr Toz Şeker","path":"/market/toz-ve-kup-seker/en-ucuz-petek-5000-gr-toz-seker-fiyatlari,51549","imageIds":[280932],"brandSummary":{"id":13596,"name":"Petek","slug":"petek"},"categorySummary":{"id":48,"name":"Toz ve Küp Şeker","nodes":[1,6,8,48]},"offerSummary":{"maxPrice":174.5,"minPrice":174.5,"offerCount":1,"uniqueMerchantCount":1},"topOffers":[{"id":27219227,"productId":51549,"merchantId":15055,"price":174.5,"jumpDepotId":null,"unitPrice":{"displayUnitId":6,"displayUnitName":"kg","displayUnitPrice":34.9,"unitPrice":0.0349}}],"discountRatio":null},{"id":51442,"title":"Doğuş 5 kg Toz Şeker","path":"/market/toz-ve-kup-seker/en-ucuz-dogus-5-kg-toz-seker-fiyatlari,51442","imageIds":[280837,280844],"brandSummary":{"id":17333,"name":"Doğuş","slug":"dogus"},"categorySummary":{"id":48,"name":"Toz ve Küp Şeker","nodes":[1,6,8,48]},"offerSummary":{"maxPrice":331.12,"minPrice":199,"offerCount":3,"uniqueMerchantCount":3},"topOffers":[{"id":27299005,"productId":51442,"merchantId":15055,"price":199,"jumpDepotId":null,"unitPrice":{"displayUnitId":6,"displayUnitName":"kg","displayUnitPrice":39.8,"unitPrice":0.0398}}],"discountRatio":null},{"id":949250,"title":"Bor Şeker 5 kg Toz Şeker","path":"/market/toz-ve-kup-seker/en-ucuz-bor-seker-5-kg-toz-seker-fiyatlari,949250","imageIds":[1094967],"brandSummary":{"id":446525,"name":"Bor Şeker","slug":"bor-seker"},"categorySummary":{"id":48,"name":"Toz ve Küp Şeker","nodes":[1,6,8,48]},"offerSummary":{"maxPrice":199.95,"minPrice":180,"offerCount":4,"uniqueMerchantCount":4},"topOffers":[{"id":27220304,"productId":949250,"merchantId":15055,"price":180,"jumpDepotId":null,"unitPrice":{"displayUnitId":6,"displayUnitName":"kg","displayUnitPrice":36,"unitPrice":0.036}}],"discountRatio":5.0012503125781445},{"id":411173,"title":"Yazar 5 kg Kristal Toz Şeker + 5 kg Pastalık Böreklik Un","path":"/market/toz-ve-kup-seker/en-ucuz-yazar-5-kg-kristal-toz-seker-5-kg-pastalik-boreklik-un-fiyatlari,411173","imageIds":[229821],"brandSummary":{"id":4898,"name":"Yazar","slug":"yazar"},"categorySummary":{"id":48,"name":"Toz ve Küp Şeker","nodes":[1,6,8,48]},"offerSummary":{"maxPrice":409.85,"minPrice":409.85,"offerCount":1,"uniqueMerchantCount":1},"topOffers":[{"id":32827891,"productId":411173,"merchantId":11512,"price":409.85,"jumpDepotId":0,"unitPrice":{"displayUnitId":6,"displayUnitName":"kg","displayUnitPrice":81.97,"unitPrice":0.08197}}],"discountRatio":10.00021959199806},{"id":1080154,"title":"Mgs 750 gr Tek Sarma Küp Şeker Poşet","path":"/market/toz-ve-kup-seker/en-ucuz-mgs-750-gr-tek-sarma-kup-seker-poset-fiyatlari,1080154","imageIds":[1301796],"brandSummary":{"id":51452,"name":"MGS","slug":"mgs"},"categorySummary":{"id":48,"name":"Toz ve Küp Şeker","nodes":[1,6,8,48]},"offerSummary":{"maxPrice":89.23,"minPrice":89.23,"offerCount":1,"uniqueMerchantCount":1},"topOffers":[{"id":27820605,"productId":1080154,"merchantId":11512,"price":89.23,"jumpDepotId":0,"unitPrice":{"displayUnitId":6,"displayUnitName":"kg","displayUnitPrice":118.97333,"unitPrice":0.11897333333333333}}],"discountRatio":null},{"id":1161446,"title":"Şafak 5 kg Toz Şeker","path":"/market/toz-ve-kup-seker/en-ucuz-safak-5-kg-toz-seker-fiyatlari,1161446","imageIds":[1432047],"brandSummary":{"id":442268,"name":"Şafak","slug":"safak"},"categorySummary":{"id":48,"name":"Toz ve Küp Şeker","nodes":[1,6,8,48]},"offerSummary":{"maxPrice":546.67,"minPrice":174.5,"offerCount":2,"uniqueMerchantCount":2},"topOffers":[{"id":27206224,"productId":1161446,"merchantId":15054,"price":174.5,"jumpDepotId":null,"unitPrice":{"displayUnitId":6,"displayUnitName":"kg","displayUnitPrice":34.9,"unitPrice":0.0349}}],"discountRatio":null},{"id":877003,"title":"Merpak 2000'li 3 gram Kırmızı Beyaz Baskılı Stick Toz Şeker","path":"/market/toz-ve-kup-seker/en-ucuz-merpak-2000-li-3-gram-kirmizi-beyaz-baskili-stick-toz-seker-fiyatlari,877003","imageIds":[922136],"brandSummary":{"id":442857,"name":"Merpak","slug":"merpak"},"categorySummary":{"id":48,"name":"Toz ve Küp Şeker","nodes":[1,6,8,48]},"offerSummary":{"maxPrice":329.9,"minPrice":329.9,"offerCount":1,"uniqueMerchantCount":1},"topOffers":[{"id":10412618,"productId":877003,"merchantId":10370,"price":329.9,"jumpDepotId":0,"unitPrice":{"displayUnitId":6,"displayUnitName":"kg","displayUnitPrice":54.98333,"unitPrice":0.05498333333333333}}],"discountRatio":null},{"id":129119,"title":"Türk Şeker Kristal Toz Şeker 5 kg","path":"/market/toz-ve-kup-seker/en-ucuz-turk-seker-kristal-toz-seker-5-kg-fiyatlari,129119","imageIds":[1563238],"brandSummary":{"id":51761,"name":"Türk Şeker","slug":"turk-seker"},"categorySummary":{"id":48,"name":"Toz ve Küp Şeker","nodes":[1,6,8,48]},"offerSummary":{"maxPrice":433.62,"minPrice":168.5,"offerCount":2,"uniqueMerchantCount":2},"topOffers":[{"id":27259123,"productId":129119,"merchantId":15059,"price":168.5,"jumpDepotId":null,"unitPrice":{"displayUnitId":6,"displayUnitName":"kg","displayUnitPrice":33.7,"unitPrice":0.0337}}],"discountRatio":null},{"id":540588,"title":"Bal Küpü Küp Şeker 1 kg","path":"/market/toz-ve-kup-seker/en-ucuz-bal-kupu-kup-seker-1-kg-fiyatlari,540588","imageIds":[507116],"brandSummary":{"id":58427,"name":"Bal Küpü","slug":"bal-kupu"},"categorySummary":{"id":48,"name":"Toz ve Küp Şeker","nodes":[1,6,8,48]},"offerSummary":{"maxPrice":1366.68,"minPrice":48,"offerCount":18,"uniqueMerchantCount":8},"topOffers":[{"id":27298650,"productId":540588,"merchantId":15055,"price":48,"jumpDepotId":null,"unitPrice":{"displayUnitId":6,"displayUnitName":"kg","displayUnitPrice":2.4,"unitPrice":0.0024}}],"discountRatio":null},{"id":932540,"title":"Bor Şeker 2 kg Toz Şeker","path":"/market/toz-ve-kup-seker/en-ucuz-bor-seker-2-kg-toz-seker-fiyatlari,932540","imageIds":[985683],"brandSummary":{"id":446525,"name":"Bor Şeker","slug":"bor-seker"},"categorySummary":{"id":48,"name":"Toz ve Küp Şeker","nodes":[1,6,8,48]},"offerSummary":{"maxPrice":85.9,"minPrice":69.9,"offerCount":4,"uniqueMerchantCount":4},"topOffers":[{"id":28732331,"productId":932540,"merchantId":15055,"price":69.9,"jumpDepotId":null,"unitPrice":{"displayUnitId":6,"displayUnitName":"kg","displayUnitPrice":34.95,"unitPrice":0.03495}}],"discountRatio":null},{"id":51416,"title":"Irmak 5 kg Toz Şeker","path":"/market/toz-ve-kup-seker/en-ucuz-irmak-5-kg-toz-seker-fiyatlari,51416","imageIds":[280824],"brandSummary":{"id":51415,"name":"Irmak","slug":"irmak"},"categorySummary":{"id":48,"name":"Toz ve Küp Şeker","nodes":[1,6,8,48]},"offerSummary":{"maxPrice":433.62,"minPrice":145.9,"offerCount":7,"uniqueMerchantCount":6},"topOffers":[{"id":27267456,"productId":51416,"merchantId":15060,"price":145.9,"jumpDepotId":null,"unitPrice":{"displayUnitId":6,"displayUnitName":"kg","displayUnitPrice":29.18,"unitPrice":0.02918}}],"discountRatio":4.035658997491059},{"id":1509164,"title":"TOS The Organic Spices 500 gr Esmer Kahverengi Şeker","path":"/market/toz-ve-kup-seker/en-ucuz-tos-the-organic-spices-500-gr-esmer-kahverengi-seker-fiyatlari,1509164","imageIds":[1987698],"brandSummary":{"id":473166,"name":"TOS The Organic Spices","slug":"tos-the-organic-spices"},"categorySummary":{"id":48,"name":"Toz ve Küp Şeker","nodes":[1,6,8,48]},"offerSummary":{"maxPrice":271.82,"minPrice":271.82,"offerCount":1,"uniqueMerchantCount":1},"topOffers":[{"id":34770372,"productId":1509164,"merchantId":11512,"price":271.82,"jumpDepotId":0,"unitPrice":null}],"discountRatio":null}],"categories":[{"category":null,"subCategories":[{"category":{"id":62,"name":"Şekerleme Sakız","slug":"sekerleme-sakiz","mainCategory":null},"count":1254},{"category":{"id":71,"name":"Tatlı ve Pasta Malzemeleri","slug":"tatli-ve-pasta-malzemeleri","mainCategory":null},"count":394},{"category":{"id":48,"name":"Toz ve Küp Şeker","slug":"toz-ve-kup-seker","mainCategory":null},"count":310},{"category":{"id":20,"name":"Bal ve Reçel","slug":"bal-ve-recel","mainCategory":null},"count":83},{"category":{"id":46,"name":"Baharat","slug":"baharat","mainCategory":null},"count":69},{"category":{"id":59,"name":"Kuruyemiş","slug":"kuruyemis","mainCategory":null},"count":50},{"category":{"id":21,"name":"Tahin Pekmez ve Helva","slug":"tahin-pekmez-ve-helva","mainCategory":null},"count":36},{"category":{"id":66,"name":"Bakliyat","slug":"bakliyat","mainCategory":null},"count":33},{"category":{"id":58,"name":"Çikolata ve Gofret","slug":"cikolata-ve-gofret","mainCategory":null},"count":32},{"category":{"id":25,"name":"Sürülebilir","slug":"surulebilir","mainCategory":null},"count":23},{"category":{"id":51,"name":"Sos","slug":"sos","mainCategory":null},"count":19},{"category":{"id":31,"name":"Çay","slug":"cay","mainCategory":null},"count":16},{"category":{"id":57,"name":"Tatlı ve Pasta","slug":"tatli-ve-pasta","mainCategory":null},"count":15},{"category":{"id":63,"name":"Granola ve Bar","slug":"granola-ve-bar","mainCategory":null},"count":14},{"category":{"id":64,"name":"Kuru Meyve","slug":"kuru-meyve","mainCategory":null},"count":5},{"category":{"id":72,"name":"Parlatıcı ve Temizleyiciler","slug":"parlatici-ve-temizleyiciler","mainCategory":null},"count":5},{"category":{"id":27,"name":"Süt","slug":"sut","mainCategory":null},"count":4},{"category":{"id":32,"name":"Kahve","slug":"kahve","mainCategory":null},"count":4},{"category":{"id":35,"name":"Limonata ve Meyve suyu","slug":"limonata-ve-meyve-suyu","mainCategory":null},"count":4},{"category":{"id":74,"name":"Oda Kokusu","slug":"oda-kokusu","mainCategory":null},"count":4},{"category":{"id":65,"name":"Un ve İrmik","slug":"un-ve-irmik","mainCategory":null},"count":3},{"category":{"id":93,"name":"Bitkisel Yağlar","slug":"bitkisel-yaglar","mainCategory":null},"count":3},{"category":{"id":22,"name":"Kahvaltılık Gevrek","slug":"kahvaltilik-gevrek","mainCategory":null},"count":2},{"category":{"id":34,"name":"Gazlı İçecek","slug":"gazli-icecek","mainCategory":null},"count":2},{"category":{"id":53,"name":"Dondurulmuş Gıda","slug":"dondurulmus-gida","mainCategory":null},"count":2},{"category":{"id":60,"name":"Bisküvi ve Kek","slug":"biskuvi-ve-kek","mainCategory":null},"count":2},{"category":{"id":19,"name":"Sebze","slug":"sebze","mainCategory":null},"count":1},{"category":{"id":33,"name":"Sıcak Toz İçecek","slug":"sicak-toz-icecek","mainCategory":null},"count":1},{"category":{"id":37,"name":"Soğuk Toz İçecekler","slug":"soguk-toz-icecekler","mainCategory":null},"count":1},{"category":{"id":38,"name":"Soğuk Kahveler","slug":"soguk-kahveler","mainCategory":null},"count":1},{"category":{"id":41,"name":"Geleneksel İçecekler","slug":"geleneksel-icecekler","mainCategory":null},"count":1},{"category":{"id":50,"name":"Konserve","slug":"konserve","mainCategory":null},"count":1},{"category":{"id":54,"name":"Kuru Sebze","slug":"kuru-sebze","mainCategory":null},"count":1},{"category":{"id":55,"name":"Dondurma","slug":"dondurma","mainCategory":null},"count":1},{"category":{"id":61,"name":"Kraker ve Kurabiye","slug":"kraker-ve-kurabiye","mainCategory":null},"count":1},{"category":{"id":70,"name":"Ramazan Paketi","slug":"ramazan-paketi","mainCategory":null},"count":1}]}],"sorts":[{"order":"desc","sort":"rank","title":"En Popüler"},{"order":"asc","sort":"price","title":"En Düşük Fiyat"},{"order":"asc","sort":"specUnit","title":"En Düşük Birim Fiyat"}],"brands":[{"brand":{"id":10822,"name":"Kent","slug":"kent"},"count":131},{"brand":{"id":411946,"name":"TOS","slug":"tos"},"count":101},{"brand":{"id":673,"name":"Diğer","slug":"diger"},"count":75},{"brand":{"id":13972,"name":"Şener","slug":"sener"},"count":69},{"brand":{"id":1230,"name":"Dr. Gusto","slug":"dr-gusto"},"count":58},{"brand":{"id":451296,"name":"Astera","slug":"astera"},"count":53},{"brand":{"id":2988,"name":"Tito","slug":"tito"},"count":50},{"brand":{"id":67462,"name":"Dr Paste","slug":"dr-paste"},"count":50},{"brand":{"id":4898,"name":"Yazar","slug":"yazar"},"count":44},{"brand":{"id":10088,"name":"Haribo","slug":"haribo"},"count":44},{"brand":{"id":5,"name":"Ülker","slug":"ulker"},"count":41},{"brand":{"id":13515,"name":"Bebeto","slug":"bebeto"},"count":39},{"brand":{"id":13629,"name":"Şekerci Cafer Erol","slug":"sekerci-cafer-erol"},"count":37},{"brand":{"id":410993,"name":"Tayaş","slug":"tayas"},"count":37},{"brand":{"id":444774,"name":"Yayla Kuruyemiş","slug":"yayla-kuruyemis"},"count":36},{"brand":{"id":9249,"name":"Elvan","slug":"elvan"},"count":33},{"brand":{"id":12690,"name":"Takita","slug":"takita"},"count":31},{"brand":{"id":442339,"name":"Leblebi Çarşısı","slug":"leblebi-carsisi"},"count":30},{"brand":{"id":440037,"name":"Pastaland","slug":"pastaland"},"count":29},{"brand":{"id":10220,"name":"Melodi","slug":"melodi"},"count":26},{"brand":{"id":1008,"name":"Aktarzane","slug":"aktarzane"},"count":25},{"brand":{"id":15668,"name":"Cavendish \u0026 Harvey","slug":"cavendish-harvey"},"count":24},{"brand":{"id":473166,"name":"TOS The Organic Spices","slug":"tos-the-organic-spices"},"count":24},{"brand":{"id":14228,"name":"Şekerci Caferzade","slug":"sekerci-caferzade"},"count":23},{"brand":{"id":443698,"name":"Derya Eren","slug":"derya-eren"},"count":23},{"brand":{"id":67438,"name":"Şeker \u0026 Sugar","slug":"seker-sugar"},"count":19},{"brand":{"id":457048,"name":"Fıstık Bahçem","slug":"fistik-bahcem"},"count":18},{"brand":{"id":2,"name":"Carrefour","slug":"carrefour"},"count":16},{"brand":{"id":4968,"name":"Dilşeker","slug":"dilseker"},"count":16},{"brand":{"id":12758,"name":"Olips","slug":"olips"},"count":16},{"brand":{"id":410979,"name":"Evliya","slug":"evliya"},"count":16},{"brand":{"id":440033,"name":"Hleks","slug":"hleks"},"count":16},{"brand":{"id":12984,"name":"Fibrelle","slug":"fibrelle"},"count":15},{"brand":{"id":445823,"name":"Bodrum Yadigarı","slug":"bodrum-yadigari"},"count":15},{"brand":{"id":3344,"name":"Kenton","slug":"kenton"},"count":14},{"brand":{"id":104399,"name":"Uzungil","slug":"uzungil"},"count":14},{"brand":{"id":440204,"name":"Tuğba Kuruyemiş","slug":"tugba-kuruyemis"},"count":14},{"brand":{"id":12713,"name":"Mentos","slug":"mentos"},"count":13},{"brand":{"id":51415,"name":"Irmak","slug":"irmak"},"count":13},{"brand":{"id":439954,"name":"Halktan","slug":"halktan"},"count":13},{"brand":{"id":6013,"name":"İpek Değirmen","slug":"ipek-degirmen"},"count":12},{"brand":{"id":6823,"name":"Benim Aktar","slug":"benim-aktar"},"count":12},{"brand":{"id":10041,"name":"Pakmaya","slug":"pakmaya"},"count":12},{"brand":{"id":446211,"name":"Hanzade Bitkisel","slug":"hanzade-bitkisel"},"count":12},{"brand":{"id":469,"name":"Migros","slug":"migros"},"count":11},{"brand":{"id":10890,"name":"Patiswiss","slug":"patiswiss"},"count":11},{"brand":{"id":441190,"name":"Festiva","slug":"festiva"},"count":11},{"brand":{"id":448543,"name":"Myebi","slug":"myebi"},"count":11},{"brand":{"id":94,"name":"Torku","slug":"torku"},"count":10},{"brand":{"id":9090,"name":"Elit","slug":"elit"},"count":10},{"brand":{"id":12874,"name":"Yenigün","slug":"yenigun"},"count":10},{"brand":{"id":125726,"name":"Jox","slug":"jox"},"count":10},{"brand":{"id":410827,"name":"Organik Bitkim","slug":"organik-bitkim"},"count":10},{"brand":{"id":441075,"name":"Yaşarbey","slug":"yasarbey"},"count":10},{"brand":{"id":448467,"name":"Şifa Baharat","slug":"sifa-baharat"},"count":10},{"brand":{"id":1621,"name":"Kocamaar Çiftliği","slug":"kocamaar-ciftligi"},"count":9},{"brand":{"id":4712,"name":"Gürbüzler","slug":"gurbuzler"},"count":9},{"brand":{"id":13777,"name":"Lokman Aktar","slug":"lokman-aktar"},"count":9},{"brand":{"id":51440,"name":"Splenda","slug":"splenda"},"count":9},{"brand":{"id":440067,"name":"By Tüfekçi","slug":"by-tufekci"},"count":9},{"brand":{"id":440287,"name":"Gaziantep Pazarı","slug":"gaziantep-pazari"},"count":9},{"brand":{"id":444652,"name":"Tic Tac","slug":"tic-tac"},"count":9},{"brand":{"id":476898,"name":"Asuntaş","slug":"asuntas"},"count":9},{"brand":{"id":24607,"name":"Kent Boringer","slug":"kent-boringer"},"count":8},{"brand":{"id":39399,"name":"Nar","slug":"nar"},"count":8},{"brand":{"id":51452,"name":"MGS","slug":"mgs"},"count":8},{"brand":{"id":51483,"name":"Tatküpü","slug":"tatkupu"},"count":8},{"brand":{"id":58427,"name":"Bal Küpü","slug":"bal-kupu"},"count":8},{"brand":{"id":442256,"name":"Altın Küp","slug":"altin-kup"},"count":8},{"brand":{"id":443324,"name":"Dadak Lokum ve Kuruyemiş","slug":"dadak-lokum-ve-kuruyemis"},"count":8},{"brand":{"id":444079,"name":"Zencefil Organik","slug":"zencefil-organik"},"count":8},{"brand":{"id":444825,"name":"Gönbeler","slug":"gonbeler"},"count":8},{"brand":{"id":445788,"name":"Zümrüt","slug":"zumrut"},"count":8},{"brand":{"id":469678,"name":"aleyna baharat","slug":"aleyna-baharat"},"count":8},{"brand":{"id":476220,"name":"Doğanın Kalbi","slug":"doganin-kalbi"},"count":8},{"brand":{"id":7636,"name":"Bercekız Servet Şekerleme","slug":"bercekiz-servet-sekerleme"},"count":7},{"brand":{"id":34347,"name":"Başak","slug":"basak"},"count":7},{"brand":{"id":51424,"name":"Pekşeker","slug":"pekseker"},"count":7},{"brand":{"id":51761,"name":"Türk Şeker","slug":"turk-seker"},"count":7},{"brand":{"id":125383,"name":"Cihan","slug":"cihan"},"count":7},{"brand":{"id":452536,"name":"Mely","slug":"mely"},"count":7},{"brand":{"id":456835,"name":"Sultan Pestil","slug":"sultan-pestil"},"count":7},{"brand":{"id":515,"name":"Aktar Diyarı","slug":"aktar-diyari"},"count":6},{"brand":{"id":10347,"name":"Aroha","slug":"aroha"},"count":6},{"brand":{"id":11015,"name":"Balin","slug":"balin"},"count":6},{"brand":{"id":13282,"name":"Tofita","slug":"tofita"},"count":6},{"brand":{"id":13685,"name":"Chupa Chups","slug":"chupa-chups"},"count":6},{"brand":{"id":15893,"name":"Toffix","slug":"toffix"},"count":6},{"brand":{"id":23668,"name":"İstanbul Baharat","slug":"istanbul-baharat"},"count":6},{"brand":{"id":442660,"name":"E-aktariye","slug":"e-aktariye"},"count":6},{"brand":{"id":444791,"name":"Toxic Waste","slug":"toxic-waste"},"count":6},{"brand":{"id":448684,"name":"Jellopy","slug":"jellopy"},"count":6},{"brand":{"id":455726,"name":"DoğuMark","slug":"dogumark"},"count":6},{"brand":{"id":474045,"name":"Qavruq","slug":"qavruq"},"count":6},{"brand":{"id":3198,"name":"Haluk Aydın Kuruyemiş","slug":"haluk-aydin-kuruyemis"},"count":5},{"brand":{"id":4427,"name":"LokmanAvm","slug":"lokmanavm"},"count":5},{"brand":{"id":5154,"name":"Tunalı Lokman Hekim","slug":"tunali-lokman-hekim"},"count":5},{"brand":{"id":6719,"name":"Dola","slug":"dola"},"count":5},{"brand":{"id":12034,"name":"DR OETKER","slug":"dr-oetker"},"count":5},{"brand":{"id":12971,"name":"Rocco","slug":"rocco"},"count":5},{"brand":{"id":51706,"name":"Kayseri Şeker","slug":"kayseri-seker"},"count":5},{"brand":{"id":73364,"name":"Viking","slug":"viking"},"count":5},{"brand":{"id":410772,"name":"Laraska","slug":"laraska"},"count":5},{"brand":{"id":415982,"name":"Erdenim","slug":"erdenim"},"count":5},{"brand":{"id":439996,"name":"Pol's Gurme","slug":"pol-s-gurme"},"count":5},{"brand":{"id":441330,"name":"Orçel","slug":"orcel"},"count":5},{"brand":{"id":446108,"name":"Evliya Şekerleme","slug":"evliya-sekerleme"},"count":5},{"brand":{"id":446525,"name":"Bor Şeker","slug":"bor-seker"},"count":5},{"brand":{"id":448032,"name":"Auran","slug":"auran"},"count":5},{"brand":{"id":463220,"name":"My Bake","slug":"my-bake"},"count":5},{"brand":{"id":4250,"name":"İngro","slug":"ingro"},"count":4},{"brand":{"id":4308,"name":"Can Kardeşler Kuruyemiş","slug":"can-kardesler-kuruyemis"},"count":4},{"brand":{"id":7390,"name":"Aktarcınız","slug":"aktarciniz"},"count":4},{"brand":{"id":7675,"name":"Hancıbey","slug":"hancibey"},"count":4},{"brand":{"id":9063,"name":"Nestle","slug":"nestle"},"count":4},{"brand":{"id":9093,"name":"Şölen","slug":"solen"},"count":4},{"brand":{"id":9507,"name":"Kellogg's","slug":"kellogg-s"},"count":4},{"brand":{"id":13140,"name":"Polo","slug":"polo"},"count":4},{"brand":{"id":13596,"name":"Petek","slug":"petek"},"count":4},{"brand":{"id":15652,"name":"Kuki","slug":"kuki"},"count":4},{"brand":{"id":15779,"name":"Pıt Pıt","slug":"pit-pit"},"count":4},{"brand":{"id":17333,"name":"Doğuş","slug":"dogus"},"count":4},{"brand":{"id":54412,"name":"Beta Tea","slug":"beta-tea"},"count":4},{"brand":{"id":103053,"name":"Elit Çikolata","slug":"elit-cikolata"},"count":4},{"brand":{"id":107378,"name":"Artukbey","slug":"artukbey"},"count":4},{"brand":{"id":414877,"name":"Kayseri Pazarı","slug":"kayseri-pazari"},"count":4},{"brand":{"id":439977,"name":"Laçoko","slug":"lacoko"},"count":4},{"brand":{"id":441628,"name":"Bozdağ","slug":"bozdag"},"count":4},{"brand":{"id":442001,"name":"Naturdan","slug":"naturdan"},"count":4},{"brand":{"id":442268,"name":"Şafak","slug":"safak"},"count":4},{"brand":{"id":442538,"name":"Gurme Market","slug":"gurme-market"},"count":4},{"brand":{"id":442857,"name":"Merpak","slug":"merpak"},"count":4},{"brand":{"id":444302,"name":"Dr. Oetker","slug":"dr--oetker"},"count":4},{"brand":{"id":457840,"name":"Sunlife","slug":"sunlife"},"count":4},{"brand":{"id":472833,"name":"Kakulem","slug":"kakulem"},"count":4},{"brand":{"id":609,"name":"Arifoğlu","slug":"arifoglu"},"count":3},{"brand":{"id":1026,"name":"Datça","slug":"datca"},"count":3},{"brand":{"id":2641,"name":"Malatya Pazarı","slug":"malatya-pazari"},"count":3},{"brand":{"id":3170,"name":"Katkı Dünyası","slug":"katki-dunyasi"},"count":3},{"brand":{"id":3509,"name":"Kahve Dünyası","slug":"kahve-dunyasi"},"count":3},{"brand":{"id":4099,"name":"Aydın","slug":"aydin"},"count":3},{"brand":{"id":8584,"name":"Naturpy","slug":"naturpy"},"count":3},{"brand":{"id":12213,"name":"Tat","slug":"tat"},"count":3},{"brand":{"id":13033,"name":"Balşeker","slug":"balseker"},"count":3},{"brand":{"id":13258,"name":"Canderel","slug":"canderel"},"count":3},{"brand":{"id":20071,"name":"Reis","slug":"reis"},"count":3},{"brand":{"id":24081,"name":"Seğmen","slug":"segmen"},"count":3},{"brand":{"id":47131,"name":"Pol's","slug":"pol-s"},"count":3},{"brand":{"id":47703,"name":"Antalya Reçelcisi","slug":"antalya-recelcisi"},"count":3},{"brand":{"id":51417,"name":"Balküpü","slug":"balkupu"},"count":3},{"brand":{"id":56478,"name":"Herby","slug":"herby"},"count":3},{"brand":{"id":113808,"name":"Konak","slug":"konak"},"count":3},{"brand":{"id":410843,"name":"Vegrano","slug":"vegrano"},"count":3},{"brand":{"id":444000,"name":"Özkar Şekerleme","slug":"ozkar-sekerleme"},"count":3},{"brand":{"id":445434,"name":"Katjes","slug":"katjes"},"count":3},{"brand":{"id":447045,"name":"Jimmy","slug":"jimmy"},"count":3},{"brand":{"id":448239,"name":"Sweetwell","slug":"sweetwell"},"count":3},{"brand":{"id":448542,"name":"Ibon","slug":"ibon"},"count":3},{"brand":{"id":449231,"name":"Dökme Baharat","slug":"dokme-baharat"},"count":3},{"brand":{"id":452209,"name":"Werther's Original","slug":"werther-s-original"},"count":3},{"brand":{"id":453027,"name":"Artisan Candy","slug":"artisan-candy"},"count":3},{"brand":{"id":453508,"name":"AfyonKarahisar","slug":"afyonkarahisar"},"count":3},{"brand":{"id":454820,"name":"Kemal Ağa 1947","slug":"kemal-aga-1947"},"count":3},{"brand":{"id":455416,"name":"Ünse Kuruyemiş","slug":"unse-kuruyemis"},"count":3},{"brand":{"id":461579,"name":"The Marlen","slug":"the-marlen"},"count":3},{"brand":{"id":471181,"name":"Candy Break","slug":"candy-break"},"count":3},{"brand":{"id":474828,"name":"Arif Kezik","slug":"arif-kezik"},"count":3},{"brand":{"id":474862,"name":"Seven Stick","slug":"seven-stick"},"count":3},{"brand":{"id":475177,"name":"Erpa","slug":"erpa"},"count":3},{"brand":{"id":45,"name":"Sütaş","slug":"sutas"},"count":2},{"brand":{"id":228,"name":"Koska","slug":"koska"},"count":2},{"brand":{"id":613,"name":"Tarım Kredi","slug":"tarim-kredi"},"count":2},{"brand":{"id":1257,"name":"Soma Kadın Atölyesi","slug":"soma-kadin-atolyesi"},"count":2},{"brand":{"id":1434,"name":"Mizey","slug":"mizey"},"count":2},{"brand":{"id":2451,"name":"Bağdat Baharat","slug":"bagdat-baharat"},"count":2},{"brand":{"id":2461,"name":"Yayla","slug":"yayla"},"count":2},{"brand":{"id":2584,"name":"Ayvalık Baharat","slug":"ayvalik-baharat"},"count":2},{"brand":{"id":3895,"name":"Ünal Kuruyemiş","slug":"unal-kuruyemis"},"count":2},{"brand":{"id":5071,"name":"The Lifeco","slug":"the-lifeco"},"count":2},{"brand":{"id":5114,"name":"Bi Fındık","slug":"bi-findik"},"count":2},{"brand":{"id":9105,"name":"Milka","slug":"milka"},"count":2},{"brand":{"id":11216,"name":"Lokumbox","slug":"lokumbox"},"count":2},{"brand":{"id":13144,"name":"Saadet","slug":"saadet"},"count":2},{"brand":{"id":13251,"name":"Pez","slug":"pez"},"count":2},{"brand":{"id":13722,"name":"Doruk","slug":"doruk"},"count":2},{"brand":{"id":19408,"name":"Gold","slug":"gold"},"count":2},{"brand":{"id":22183,"name":"Bera","slug":"bera"},"count":2},{"brand":{"id":32894,"name":"Balbis","slug":"balbis"},"count":2},{"brand":{"id":33648,"name":"Mevlana","slug":"mevlana"},"count":2},{"brand":{"id":36575,"name":"Thelifeco","slug":"thelifeco"},"count":2},{"brand":{"id":37180,"name":"Tamek","slug":"tamek"},"count":2},{"brand":{"id":37186,"name":"Fo","slug":"fo"},"count":2},{"brand":{"id":51459,"name":"Avansas","slug":"avansas"},"count":2},{"brand":{"id":51580,"name":"Stevia","slug":"stevia"},"count":2},{"brand":{"id":51620,"name":"Dizi","slug":"dizi"},"count":2},{"brand":{"id":51762,"name":"Son Osmanlı","slug":"son-osmanli"},"count":2},{"brand":{"id":65803,"name":"Akşeker","slug":"akseker"},"count":2},{"brand":{"id":125524,"name":"Yupo","slug":"yupo"},"count":2},{"brand":{"id":410994,"name":"Lina","slug":"lina"},"count":2},{"brand":{"id":439850,"name":"Gül Aras","slug":"gul-aras"},"count":2},{"brand":{"id":439917,"name":"Glş Şifahanem Organik Aktar","slug":"gls-sifahanem-organik-aktar"},"count":2},{"brand":{"id":440202,"name":"Özçiğdem","slug":"ozcigdem"},"count":2},{"brand":{"id":440519,"name":"Ufresh","slug":"ufresh"},"count":2},{"brand":{"id":440840,"name":"İris Odak Konservecilik","slug":"iris-odak-konservecilik"},"count":2},{"brand":{"id":442258,"name":"Şekersugar","slug":"sekersugar"},"count":2},{"brand":{"id":442940,"name":"Dökme Ürünler","slug":"dokme-urunler"},"count":2},{"brand":{"id":443592,"name":"Rawberry","slug":"rawberry"},"count":2},{"brand":{"id":445219,"name":"Troy Naturals","slug":"troy-naturals"},"count":2},{"brand":{"id":446791,"name":"Kayısı Yurdu","slug":"kayisi-yurdu"},"count":2},{"brand":{"id":448010,"name":"Agosto","slug":"agosto"},"count":2},{"brand":{"id":448266,"name":"Lico Rico","slug":"lico-rico"},"count":2},{"brand":{"id":448545,"name":"coffex","slug":"coffex"},"count":2},{"brand":{"id":448578,"name":"Dr. Milk","slug":"dr--milk"},"count":2},{"brand":{"id":448620,"name":"Mercredi","slug":"mercredi"},"count":2},{"brand":{"id":450132,"name":"Erkar","slug":"erkar"},"count":2},{"brand":{"id":450789,"name":"Tk","slug":"tk"},"count":2},{"brand":{"id":451823,"name":"Özkar","slug":"ozkar"},"count":2},{"brand":{"id":454037,"name":"Aktarsepeti","slug":"aktarsepeti"},"count":2},{"brand":{"id":454266,"name":"Fenomen","slug":"fenomen"},"count":2},{"brand":{"id":455735,"name":"7D","slug":"7d"},"count":2},{"brand":{"id":456277,"name":"Mardin Sepet","slug":"mardin-sepet"},"count":2},{"brand":{"id":460060,"name":"Royal Baharat","slug":"royal-baharat"},"count":2},{"brand":{"id":461894,"name":"Bileb Serinhisar","slug":"bileb-serinhisar"},"count":2},{"brand":{"id":473603,"name":"ScrapCooking","slug":"scrapcooking"},"count":2},{"brand":{"id":475267,"name":"Hermesetas","slug":"hermesetas"},"count":2},{"brand":{"id":15,"name":"Kristal","slug":"kristal"},"count":1},{"brand":{"id":22,"name":"Çotanak","slug":"cotanak"},"count":1},{"brand":{"id":121,"name":"Fiskobirlik","slug":"fiskobirlik"},"count":1},{"brand":{"id":128,"name":"OTS","slug":"ots"},"count":1},{"brand":{"id":270,"name":"Doğan","slug":"dogan"},"count":1},{"brand":{"id":274,"name":"Besler","slug":"besler"},"count":1},{"brand":{"id":301,"name":"Hayfene","slug":"hayfene"},"count":1},{"brand":{"id":348,"name":"Gurmepark","slug":"gurmepark"},"count":1},{"brand":{"id":496,"name":"Gaziantepten","slug":"gaziantepten"},"count":1},{"brand":{"id":723,"name":"İksirli Çiftlik","slug":"iksirli-ciftlik"},"count":1},{"brand":{"id":1258,"name":"Çizmelioğlu","slug":"cizmelioglu"},"count":1},{"brand":{"id":1301,"name":"Altun","slug":"altun"},"count":1},{"brand":{"id":1444,"name":"Alba","slug":"alba"},"count":1},{"brand":{"id":1727,"name":"Ekozel","slug":"ekozel"},"count":1},{"brand":{"id":1922,"name":"Kardelen","slug":"kardelen"},"count":1},{"brand":{"id":1967,"name":"Hışıroğlu Kuruyemiş","slug":"hisiroglu-kuruyemis"},"count":1},{"brand":{"id":2581,"name":"Kayısı İste","slug":"kayisi-iste"},"count":1},{"brand":{"id":2662,"name":"Lokum Atölyesi","slug":"lokum-atolyesi"},"count":1},{"brand":{"id":3204,"name":"Çerezya","slug":"cerezya"},"count":1},{"brand":{"id":3380,"name":"Ayhan Ercan","slug":"ayhan-ercan"},"count":1},{"brand":{"id":3530,"name":"Lokman","slug":"lokman"},"count":1},{"brand":{"id":4038,"name":"Çakır Çerez","slug":"cakir-cerez"},"count":1},{"brand":{"id":4193,"name":"Anadolu Mutfağı","slug":"anadolu-mutfagi"},"count":1},{"brand":{"id":6001,"name":"Bağdat","slug":"bagdat"},"count":1},{"brand":{"id":7883,"name":"Onur","slug":"onur"},"count":1}],"merchants":[{"merchant":{"id":11512,"name":"PttAVM","slug":"pttavm","cargoType":"in_a_week","platforms":["desktop","mobile","app"],"minBasketAmount":null,"deliveryFee":null,"isOffline":false},"count":1049},{"merchant":{"id":12929,"name":"Pazarama","slug":"pazarama","cargoType":null,"platforms":null,"minBasketAmount":null,"deliveryFee":null,"isOffline":false},"count":673},{"merchant":{"id":10370,"name":"Amazon","slug":"amazon-com-tr","cargoType":"in_a_week","platforms":["desktop","mobile","app"],"minBasketAmount":null,"deliveryFee":null,"isOffline":false},"count":634},{"merchant":{"id":15056,"name":"Migros","slug":"migros-offline-com-tr","cargoType":"in_a_week","platforms":["desktop","mobile","app"],"minBasketAmount":null,"deliveryFee":null,"isOffline":true},"count":169},{"merchant":{"id":15055,"name":"a101","slug":"a101-offline-com-tr","cargoType":"in_a_week","platforms":["desktop","mobile","app"],"minBasketAmount":null,"deliveryFee":null,"isOffline":true},"count":161},{"merchant":{"id":15058,"name":"Carrefour","slug":"carrefoursa-offline","cargoType":"in_a_week","platforms":["desktop","mobile","app"],"minBasketAmount":null,"deliveryFee":null,"isOffline":true},"count":160},{"merchant":{"id":4512,"name":"Carrefoursa","slug":"carrefoursa","cargoType":"in_a_week","platforms":["desktop","mobile","app"],"minBasketAmount":null,"deliveryFee":null,"isOffline":false},"count":126},{"merchant":{"id":15060,"name":"Hakmarekspress","slug":"hakmarexpress-offline-com-tr","cargoType":"in_a_week","platforms":["desktop","mobile","app"],"minBasketAmount":null,"deliveryFee":null,"isOffline":true},"count":54},{"merchant":{"id":15059,"name":"Tarım Kredi Kooperatifi","slug":"tarimkredi-offline-org-tr","cargoType":"in_a_week","platforms":["desktop","mobile","app"],"minBasketAmount":null,"deliveryFee":null,"isOffline":true},"count":42},{"merchant":{"id":15057,"name":"Şok","slug":"sokmarket-offline-com-tr","cargoType":"in_a_week","platforms":["desktop","mobile","app"],"minBasketAmount":null,"deliveryFee":null,"isOffline":true},"count":39},{"merchant":{"id":16743,"name":"Getir Büyük","slug":"getir-buyuk","cargoType":null,"platforms":null,"minBasketAmount":null,"deliveryFee":null,"isOffline":false},"count":33},{"merchant":{"id":23411,"name":"Leblebi Çarşısı","slug":"leblebicarsisi","cargoType":null,"platforms":null,"minBasketAmount":null,"deliveryFee":null,"isOffline":false},"count":30},{"merchant":{"id":11864,"name":"Allkaria","slug":"allkaria","cargoType":"in_a_week","platforms":["desktop","mobile","app"],"minBasketAmount":null,"deliveryFee":null,"isOffline":false},"count":25},{"merchant":{"id":2364,"name":"Avansas","slug":"avansas","cargoType":"in_a_week","platforms":["desktop","mobile","app"],"minBasketAmount":null,"deliveryFee":null,"isOffline":false},"count":15},{"merchant":{"id":10811,"name":"Ofisegetirelim","slug":"ofisegetirelim","cargoType":"in_a_week","platforms":["desktop","mobile","app"],"minBasketAmount":null,"deliveryFee":null,"isOffline":false},"count":12},{"merchant":{"id":16151,"name":"Toptan Migros","slug":"toptan-migros-com-tr","cargoType":null,"platforms":null,"minBasketAmount":null,"deliveryFee":null,"isOffline":false},"count":11},{"merchant":{"id":9799,"name":"Vitaminler","slug":"vitaminler","cargoType":"in_a_week","platforms":["desktop","mobile","app"],"minBasketAmount":null,"deliveryFee":null,"isOffline":false},"count":10},{"merchant":{"id":15054,"name":"Bim","slug":"bim-offline-com-tr","cargoType":"in_a_week","platforms":["desktop","mobile","app"],"minBasketAmount":null,"deliveryFee":null,"isOffline":true},"count":10},{"merchant":{"id":13070,"name":"Listensi","slug":"listensi","cargoType":null,"platforms":null,"minBasketAmount":null,"deliveryFee":null,"isOffline":false},"count":8},{"merchant":{"id":16703,"name":"kocamaar","slug":"kocamaar","cargoType":null,"platforms":null,"minBasketAmount":null,"deliveryFee":null,"isOffline":false},"count":8},{"merchant":{"id":12181,"name":"Eczane","slug":"eczane-com-tr","cargoType":"in_a_week","platforms":["desktop","mobile","app"],"minBasketAmount":null,"deliveryFee":null,"isOffline":false},"count":7},{"merchant":{"id":11967,"name":"Ebitkisel","slug":"ebitkisel","cargoType":"in_a_week","platforms":["desktop","mobile","app"],"minBasketAmount":null,"deliveryFee":null,"isOffline":false},"count":6},{"merchant":{"id":9703,"name":"Lokmanavm","slug":"lokmanavm","cargoType":"in_a_week","platforms":["desktop","mobile","app"],"minBasketAmount":null,"deliveryFee":null,"isOffline":false},"count":5},{"merchant":{"id":11956,"name":"Haibrag","slug":"haibrag","cargoType":"in_a_week","platforms":["desktop","mobile","app"],"minBasketAmount":null,"deliveryFee":null,"isOffline":false},"count":5},{"merchant":{"id":10796,"name":"Reçete","slug":"recete","cargoType":"in_a_week","platforms":["desktop","mobile","app"],"minBasketAmount":null,"deliveryFee":null,"isOffline":false},"count":4},{"merchant":{"id":14768,"name":"Pekgross","slug":"pekgross","cargoType":null,"platforms":null,"minBasketAmount":null,"deliveryFee":null,"isOffline":false},"count":3},{"merchant":{"id":10605,"name":"Gratis","slug":"gratis","cargoType":"in_a_week","platforms":["desktop","mobile","app"],"minBasketAmount":null,"deliveryFee":null,"isOffline":false},"count":3},{"merchant":{"id":12649,"name":"Seğmen","slug":"segmen-com-tr","cargoType":null,"platforms":null,"minBasketAmount":null,"deliveryFee":null,"isOffline":false},"count":3},{"merchant":{"id":23398,"name":"Paylaşım Pastacılık","slug":"paylasimgida","cargoType":null,"platforms":null,"minBasketAmount":null,"deliveryFee":null,"isOffline":false},"count":3},{"merchant":{"id":23477,"name":"ZerGo","slug":"zergo-com-tr","cargoType":null,"platforms":null,"minBasketAmount":null,"deliveryFee":null,"isOffline":false},"count":3},{"merchant":{"id":10870,"name":"Rossmann","slug":"rossmann-com-tr","cargoType":"in_a_week","platforms":["desktop","mobile","app"],"minBasketAmount":null,"deliveryFee":null,"isOffline":false},"count":2},{"merchant":{"id":11842,"name":"Yesilpazar","slug":"yesilpazar-com-tr","cargoType":"in_a_week","platforms":["desktop","mobile","app"],"minBasketAmount":null,"deliveryFee":null,"isOffline":false},"count":2},{"merchant":{"id":14500,"name":"Organik Ali","slug":"organikali","cargoType":null,"platforms":null,"minBasketAmount":null,"deliveryFee":null,"isOffline":false},"count":2},{"merchant":{"id":16697,"name":"ofisacil","slug":"ofisacil","cargoType":null,"platforms":null,"minBasketAmount":null,"deliveryFee":null,"isOffline":false},"count":2},{"merchant":{"id":13197,"name":"Özel Beslenme","slug":"ozelbeslenme","cargoType":null,"platforms":null,"minBasketAmount":null,"deliveryFee":null,"isOffline":false},"count":1},{"merchant":{"id":16622,"name":"Bahasam","slug":"bahasam","cargoType":null,"platforms":null,"minBasketAmount":null,"deliveryFee":null,"isOffline":false},"count":1}],"specFilters":null,"current":{"category":null,"merchants":null,"brands":null,"specs":null}},"seo":{"meta":{"h1":"\"şeker\"","h2":"\"şeker\" arama sonuçları","metaTitle":"şeker Fiyat ve Çeşitleri","metaDescription":"şeker Fiyatları - şeker Özellikleri ve Çeşitleri Cimri’ de! şeker En Ucuz Fiyat Avantajı ve İndirim Seçenekleri Cimri.com’ da."},"wikibox":"\u003cstrong\u003eşeker\u003c/strong\u003e fiyatları ve özelliklerini karşılaştır kategori \u0026 marka ayrıştırması ile en uygun şeker fiyat avantajını yakala! Cimri.com'da senin için 2398 adet şeker ürünü bulduk. şeker kategorisinde en favori  ve diğer kategorilerinden birini tercih edip filtre seçimleriyle birlikte şeker mağaza fiyatları ve şeker ürün özellikleri incele!","seoContent":null,"faqs":[],"tags":[],"bullet":null}}},"amazonTraceId":"Root=1-67924f1d-0d77d3bf6714e6272efcb2db","userAgent":"Mozilla/5.0 (Macintosh; Intel Mac OS X 10_15_7) AppleWebKit/537.36 (KHTML, like Gecko) Chrome/131.0.0.0 Safari/537.36","referer":"https://www.cimri.com/market"}},"buildId":"8n4TBYJiir7afcfgYH4Y_","assetPrefix":"https://assets.cimri.com/assets/market","runtimeConfig":{"IMAGE_PROXY":"https://cdn.cimri.io","CIMRI_CDN":"https://cdn.cimri.io","ASSETS_URL":"https://assets.cimri.com/","GRAPHQL_URL":"/api/market-api","CIMRI_GRAPHQL_URL":"/api/cimri","JUMP_BASE_URL":"https://www.cimri.com/market","METRICS_API":"/api/pixel"},"isFallback":false,"customServer":true,"gip":true,"scriptLoader":[]}</script><script>
                  var pageTypeTransforms = {
                    MAIN: "ana-sayfa",
                    MAINPAGE: "ana-sayfa",
                    SEARCH: "urun-listeleme",
                    GHOSTPAGE: "ghost",
                    DISCOUNTPRODUCTS: "indirimli-urunler",
                    CATEGORY: "urun-listeleme",
                    COMPARISON: "karsilastirma",
                    BRANDCATEGORY: "urun-listeleme",
                    PRODUCT: "urun-detay",
                    FILTEREDCATEGORY: "urun-listeleme",
                    BRAND: "marka",
                    LISTING: "urun-listeleme",
                    SPEC: "spec",
                  };
  
                    window.readCookie = function (name) {
                      var nameEQ = name + "=";
                      var ca = document.cookie.split(";");
                      for (var i = 0; i < ca.length; i++) {
                        var c = ca[i];
                        while (c.charAt(0) === " ") {
                          c = c.substring(1, c.length);
                        }
                        if (c.indexOf(nameEQ) === 0) {
                          return c.substring(nameEQ.length, c.length);
                        }
                      }
                      return null;                  
                    }
                    window.getMobileOperatingSystem = function () {
                      if(/iPad|iPhone|iPod/.test(navigator.userAgent ||navigator.platform || "")) {
                        return "ios"
                      } else {
                        return "android"
                      }
                    };
                    const previousPageType = window.sessionStorage.getItem("previousPageType") && window.sessionStorage.getItem("previousPageType").toUpperCase();
                    const previousSubPageType = window.sessionStorage.getItem("previousPageType") || null;
                    window.dataLayer = window.dataLayer || [];
                    var previous_action;
                    if (window.sessionStorage.getItem("marketRedirect") && window.sessionStorage.getItem("prevAction") === "search") {
                      previous_action = window.sessionStorage.getItem("prevAction");
                    } else if (window.sessionStorage.getItem("marketRedirect")) {
                      previous_action = "cimri-free-text";
                    } else if (window.sessionStorage.getItem("marketSearched")) {
                      previous_action = "markette-free-text";
                    } else if (window.sessionStorage.getItem("prevAction")) {
                      previous_action = window.sessionStorage.getItem("prevAction");
                    } else {
                      previous_action = "other";
                    }
                    window.dataLayer.push({
                      item_category: ""||null,
                      site_type: "markette",
                      page_type: "urun-listeleme",
                      page_sub_type: "search",
                      konum: window.readCookie("marketAddressName") ? decodeURIComponent(window.readCookie("marketAddressName")) : null,
                      previous_page_type: pageTypeTransforms[previousPageType] || null,
                      previous_sub_page_type: previousSubPageType,
                      platform: 'web-desktop',
                      previous_action: previous_action,
                      
                              query_term: sessionStorage.getItem('query_term') || 'no-search',
                              online_product_count: 17,
                              offline_product_count: 15,
                              product_count: 2398
                            
                    });
  
                    sessionStorage.removeItem('query_term');
                  </script><script>(function(w,d,s,l,i){w[l]=w[l]||[];w[l].push({'gtm.start':
        new Date().getTime(),event:'gtm.js'});var f=d.getElementsByTagName(s)[0],
        j=d.createElement(s),dl=l!='dataLayer'?'&l='+l:'';j.async=true;j.src=
        'https://www.googletagmanager.com/gtm.js?id='+i+dl;f.parentNode.insertBefore(j,f);
        })(window,document,'script','dataLayer','GTM-THWD4B');</script></body></html>